%============
% PhD Theses %
%============

@PHDTHESIS{neil-phd17,
   AUTHOR       = {N. K. Dhingra},
   SCHOOL       = {University of Minnesota},
   TITLE        = {Optimization and control of large-scale networked systems},
   YEAR         = {2017},
      KEYWORDS     = {Augmented Lagrangian, Combination drug therapy, Convex optimization, Directed networks, Leader selection, Method of multipliers, Non-smooth optimization, Optimization, Proximal algorithms, Proximal augmented Lagrangian, Regularization for design, Second order primal-dual method, Sparsity-promoting optimal control, Structured optimal control, Structure identification},
      PDF          = {https://viterbi-web.usc.edu/~mihailo/theses/NeilDhingra-PhD.pdf} 
   }

@PHDTHESIS{armin-phd16,
   AUTHOR       = {A. Zare},
   SCHOOL       = {University of Minnesota},
   TITLE        = {Low-complexity stochastic modeling of wall-bounded shear flows},
   YEAR         = {2016},
      KEYWORDS     = {Alternating minimization algorithm, Colored noise, Convex optimization, Disturbance dynamics, Flow modeling and control, Low-complexity modeling, Low-rank approximation, Matrix completion problem, Nuclear norm regularization, Structured covariances, Turbulence modeling},
   PDF          = {https://viterbi-web.usc.edu/~mihailo/theses/ArminZare-PhD.pdf}
   }
 
   @PHDTHESIS{xiaofan-phd16,
   AUTHOR       = {X. Wu},
   SCHOOL       = {University of Minnesota},
   TITLE        = {Sparsity-promoting optimal control of power networks},
   YEAR         = {2016},
      KEYWORDS     = {Alternating direction method of multipliers, Distributed PI-control, Performance of large-scale networks, Power networks, Sparsity-promoting optimal control, Synchronization, Topology design, Wide-area control},
   PDF          = {https://viterbi-web.usc.edu/~mihailo/theses/XiaofanWu-PhD.pdf}
   }
   
@PHDTHESIS{binh-phd14,
   AUTHOR       = {B. K. Lieu},
   SCHOOL       = {University of Minnesota},
   TITLE        = {Dynamics and control of {N}ewtonian and viscoelastic fluids},
   YEAR         = {2014},
      KEYWORDS     = {Drag reduction, Controlling the onset of turbulence, Control of turbulent flows, Flow modeling and control, Navier-Stokes equations, Spatially-periodic systems, Traveling waves, Vibrational control, Distributed systems theory, Computational tools for spatially distributed systems, Uncertainty quantification in PDEs, Viscoelastic fluids, Input-output analysis, Elastic turbulence, Transition to turbulence, Worst-case amplification},
   PDF          = {https://viterbi-web.usc.edu/~mihailo/theses/BinhLieu-PhD.pdf}
   }

@PHDTHESIS{fu-phd12,
   AUTHOR       = {F. Lin},
   SCHOOL       = {University of Minnesota},
   TITLE        = {Structure identification and optimal design of large-scale networks of dynamical systems},
   YEAR         = {2012},
      KEYWORDS     = {Alternating direction method of multipliers, Architectural issues in distributed control design, Consensus networks, Control of vehicular formations, Convex Optimization, Leader selection, Sparsity-promoting optimal control},
   PDF          = {https://viterbi-web.usc.edu/~mihailo/theses/FuLin-PhD.pdf}
   }

@PHDTHESIS{rashad-phd12,
   AUTHOR       = {R. Moarref},
   SCHOOL       = {University of Minnesota},
   TITLE        = {Model-based control of transitional and turbulent wall-bounded shear flows},
   YEAR         = {2012},
      KEYWORDS     = {Drag reduction, Controlling the onset of turbulence, Control of turbulent flows, Flow modeling and control, Navier-Stokes equations, Spatially-periodic systems, Traveling waves, Vibrational control},
   PDF          = {https://viterbi-web.usc.edu/~mihailo/theses/RashadMoarref-PhD.pdf}
   }

@PHDTHESIS{mj-phd04,
   AUTHOR       = {M. R. Jovanovi\'c},
   SCHOOL       = {University of California, Santa Barbara},
   TITLE        = {Modeling, analysis, and control of spatially distributed systems},
   YEAR         = {2004},
   KEYWORDS     = {Architectural issues in distributed control design,
      Control of vehicular formations, Distributed systems theory,
      Flow modeling and control, Navier-Stokes equations},
   PDF          = {https://viterbi-web.usc.edu/~mihailo/theses/mj-thesis.pdf}
   }
      
%==============
% Book Chapters %
%==============

@INCOLLECTION{jovEC14,
   AUTHOR       = {M. R. Jovanovi\'c},
   EDITOR = {J. Baillieul and T. Samad},
   TITLE        = {Vehicular Chains},
   BOOKTITLE = {Encyclopedia of Systems and Control},
   PUBLISHER = {Springer-Verlag London},
   NOTE = {doi:10.1007/978-1-4471-5102-9\textunderscore221-1},
   YEAR         = {2014},
   PAGES = {1-10},
   KEYWORDS     = {Control of vehicular formations, Large-scale networks, Fundamental limitations},
   PDF          = {https://viterbi-web.usc.edu/~mihailo/papers/jovESC14.pdf}
   }   

%=========
% Journals %
%=========

%==========
% Submitted %
%==========
@ARTICLE{dinjovLCSS19,
AUTHOR = {D. Ding and M. R. Jovanovi\'c},
TITLE = {Global exponential stability of primal-dual gradient flow dynamics based on the proximal augmented Lagrangian: {A} {L}yapunov-based approach},
JOURNAL = {IEEE Control Syst. Lett.},
YEAR = {2019},
NOTE = {submitted; also arXiv:1910.00783},
PDF = {https://arxiv.org/abs/1910.00783},
KEYWORDS = {Augmented Lagrangian, Control for optimization, Convex optimization, Global exponential stability, Lyapunov-based approach, Non-smooth optimization, Primal-dual gradient flow dynamics, Primal-dual methods, Proximal augmented Lagrangian} 
}

@ARTICLE{mogjovAUT19,
   AUTHOR       = {S. Hassan-Moghaddam and M. R. Jovanovi\'c},
   TITLE        = {Proximal gradient flow and {D}ouglas-{R}achford splitting dynamics: global exponential stability via integral quadratic constraints},
   JOURNAL      = {Automatica},
   YEAR         = {2019},
   NOTE = {submitted; also arXiv:1908.09043},
   PDF = {https://arxiv.org/abs/1908.09043},
   KEYWORDS     = {Control for optimization, Convex Optimization, Forward-backward envelope, Douglas-Rachford splitting, Global exponential stability, Integral quadratic constraints, Non-smooth optimization, Proximal algorithms, Primal-dual methods, Proximal augmented Lagrangian}   
   }

@ARTICLE{mohrazjovTAC19,
AUTHOR = {H. Mohammadi and M. Razaviyayn and M. R. Jovanovi\'c},
TITLE = {Robustness of accelerated first-order algorithms for strongly convex optimization problems},
JOURNAL = {IEEE Trans. Automat. Control},
YEAR = {2019},
NOTE = {submitted; also arXiv:1905.11011},
PDF = {https://arxiv.org/abs/1905.11011},
KEYWORDS     = {Accelerated first-order algorithms, Consensus networks, Control for optimization, Convex optimization, Integral quadratic constraints, Linear matrix inequalities, Noise amplification, Second-order moments, Semidefinite programming}
}

@ARTICLE{hilnicjovcanPRF19,
   AUTHOR       = {N. Hildebrand and J. W. Nichols and M. R. Jovanovi\'c and G. V. Candler},
   TITLE        = {Transient growth analysis of oblique shock-wave/boundary-layer interactions in a hypersonic flow},
    JOURNAL      = {Phys. Rev. Fluids},        
    YEAR         = {2019},
    NOTE = {submitted; also arXiv:1901.09132},
    PDF = {https://arxiv.org/abs/1901.09132},
   KEYWORDS     = {Adjoint equations, Base-flow sensitivity, Compressible flows, Direct numerical simulations, Energy amplification, Global stability analysis, Flow modeling and control, Hypersonic flows, Transient growth, Transition to turbulence}
   }    
  
@ARTICLE{dhikhojovTAC17,
AUTHOR = {N. K. Dhingra and S. Z. Khong and M. R. Jovanovi\'c},
TITLE = {A second order primal-dual method for nonsmooth convex composite optimization},
JOURNAL = {IEEE Trans. Automat. Control},
YEAR = {2017},
NOTE = {conditionally accepted; also arXiv:1709.01610},
PDF = {https://arxiv.org/abs/1709.01610},
KEYWORDS     = {Augmented Lagrangian, Exponential convergence, Global exponential stability, Method of multipliers, Non-smooth optimization, Proximal algorithms, Proximal augmented Lagrangian, Regularization for design, Second order primal-dual method, Sparsity-promoting optimal control, Structured optimal control, Structure identification}  
}

@ARTICLE{dhicoljovransmiSCL16,
AUTHOR = {N. K. Dhingra and M. Colombino and M. R. Jovanovi\'c and A. Rantzer and R. S. Smith},
JOURNAL = {Syst. Control Lett.},
TITLE = {On the optimal control problem for a class of monotone bilinear systems},
YEAR = {2016},
NOTE = {submitted; also arXiv:1611.09984},
PDF = {https://arxiv.org/abs/1611.09984}, 
KEYWORDS = {Combination drug therapy, Decentralized control, Monotone systems, Positive systems, Structured optimal control}
}
   
%===================
% Published/To Appear %
%===================

%======
% 2020 %
%======
@ARTICLE{zargeojovARC20,
AUTHOR = {A. Zare and T. T. Georgiou and M. R. Jovanovi\'c},
TITLE = {Stochastic dynamical modeling of turbulent flows},
JOURNAL = {Annu. Rev. Control Robot. Auton. Syst.},
YEAR = {2020},
VOLUME = {3},
MONTH = {May},
NOTE = {in press; doi:10.1146/annurev-control-053018-023843; also arXiv:1908.09487},
PDF = {https://arxiv.org/abs/1908.09487},
KEYWORDS = {Colored noise, Convex optimization, Disturbance dynamics, Flow modeling and control, Low-complexity modeling, Low-rank approximation, Matrix completion problems, Nuclear norm regularization, Structured covariances, Turbulence modeling}
}

%======
% 2019 %
%======
@ARTICLE{zarmohdhigeojovTAC19,
AUTHOR = {A. Zare and H. Mohammadi and N. K. Dhingra and T. T. Georgiou and M. R. Jovanovi\'c},
TITLE = {Proximal algorithms for large-scale statistical modeling and optimal sensor/actuator selection},
JOURNAL = {IEEE Trans. Automat. Control},
YEAR = {2019},
NOTE = {doi:10.1109/TAC.2019.2948268; also arXiv:1807.01739},
PDF = {https://arxiv.org/abs/1807.01739},
KEYWORDS     = {Actuator selection, Augmented Lagrangian, Convex optimization, Low-rank perturbation, Matrix completion problem, Method of multipliers, Non-smooth optimization, Proximal algorithms, Regularization for design, Sensor selection, Sparsity-promoting optimal control, Structured covariances}
}

@ARTICLE{dwisidniccanjovJFM19,
AUTHOR = {A. Dwivedi and G. S. Sidharth and J. W. Nichols and G. V. Candler and M. R. Jovanovi\'c},
JOURNAL = {J. Fluid Mech.},
TITLE = {Reattachment vortices in hypersonic compression ramp flow: an input-output analysis},
VOLUME = {880},
PAGES = {113-135},
MONTH = {December}, 
YEAR = {2019},
PDF = {https://viterbi-web.usc.edu/~mihailo/papers/dwisidniccanjovJFM19.pdf},
KEYWORDS = {Compressible flows, Compression ramp flow, Flow modeling and control, Hypersonic flows, Input-Output analysis, Shock Boundary layer interaction, Reattachment vortices, Transition to turbulence} 
}

@ARTICLE{guestTCNS19, 
AUTHOR = {M. Chertkov and M. R. Jovanovi\'c and B. Lesieutre and S. Low and P. {van Hentenryck} and L. Wehenkel}, 
JOURNAL = {IEEE Trans. Control Netw. Syst.},
TITLE = {Guest {E}ditorial {S}pecial {I}ssue on {A}nalysis, {C}ontrol, and {O}ptimization of {E}nergy {N}etworks}, 
VOLUME = {6}, 
NUMBER = {3}, 
PAGES = {922-924}, 
MONTH = {September},
YEAR = {2019}, 
PDF          = {https://viterbi-web.usc.edu/~mihailo/papers/guestTCNS19.pdf}, 
KEYWORDS = {Optimization, Control, Energy networks, Power Networks}
}

@ARTICLE{ranzarhacjovPRF19b,
AUTHOR = {W. Ran and A. Zare and M. J. P. Hack and M. R. Jovanovi\'c},
TITLE = {Stochastic receptivity analysis of boundary layer flow},
JOURNAL = {Phys. Rev. Fluids},
VOLUME = {4},
NUMBER = {9},
PAGES = {093901 (28 pages)},
MONTH = {September},
YEAR = {2019},
PDF = {https://viterbi-web.usc.edu/~mihailo/papers/ranzarhacjovPRF19b.pdf},
KEYWORDS = {Boundary layers, Boundary layer receptivity, Control-oriented modeling, Distributed systems, Energy amplification, Flow modeling and control, Free-stream turbulence, Low-complexity modeling, Navier-Stokes equations, Spatially-evolving flows, Transition to turbulence} 
}

@ARTICLE{dhikhojovTAC19,
   AUTHOR       = {N. K. Dhingra and S. Z. Khong and M. R. Jovanovi\'c},
   TITLE        = {The proximal augmented {L}agrangian method for nonsmooth composite optimization},
   JOURNAL      = {IEEE Trans. Automat. Control},
    VOLUME = {64}, 
    NUMBER = {7}, 
   PAGES = {2861-2868}, 
    MONTH = {July},
   YEAR = {2019}, 
   PDF = {https://viterbi-web.usc.edu/~mihailo/papers/dhikhojovTAC19.pdf},
   KEYWORDS     = {Augmented Lagrangian, Control for optimization, Exponential convergence, Global exponential stability, Method of multipliers, Non-smooth optimization, Primal-dual gradient flow dynamics, Proximal algorithms, Proximal augmented Lagrangian,  Regularization for design, Sparsity-promoting optimal control, Structured optimal control, Structure identification}  
   }    

@ARTICLE{coregejovCSM19, 
author={J. Cortes and M. Egerstedt and M. R. Jovanovi\'c}, 
journal={IEEE Control Syst. Mag.}, 
title={The inaugural {CDC} soccer cup}, 
volume={39}, 
number={3}, 
pages={17-39},
month={June},
year={2019},
PDF = {https://viterbi-web.usc.edu/~mihailo/papers/coregejovCSM19.pdf},
KEYWORDS = {Soccer, The Name of the Game: Football!}
}

@ARTICLE{dhicoljovTCNS19,
   AUTHOR       = {N. K. Dhingra and M. Colombino and M. R. Jovanovi\'c},
   TITLE        = {Structured decentralized control of positive systems with applications to combination drug therapy and leader selection in directed networks},
   JOURNAL = {IEEE Trans. Control Netw. Syst.},
   VOLUME = {6},
  NUMBER = {1},
  PAGES = {352-362},
   MONTH = {March},
   YEAR         = {2019},
PDF = {https://viterbi-web.usc.edu/~mihailo/papers/dhicoljovTCNS19.pdf},
   KEYWORDS     = {Combination drug therapy, Convex optimization, Directed Networks, Leader selection, Positive systems, Proximal algorithms, Optimization, Sparsity-promoting optimal control, Structured design}
   }    

@ARTICLE{ranzarhacjovPRF19a,
AUTHOR = {W. Ran and A. Zare and M. J. P. Hack and M. R. Jovanovi\'c},
TITLE = {Modeling mode interactions in boundary layer flows via {P}arabolized {F}loquet {E}quations},
JOURNAL = {Phys. Rev. Fluids},
VOLUME = {4},
  NUMBER = {2},
  PAGES = {023901 (22 pages)},
   MONTH = {February},
YEAR = {2019},
PDF = {https://viterbi-web.usc.edu/~mihailo/papers/ranzarhacjovPRF19.pdf},
KEYWORDS = {Boundary layers, Control-oriented modeling, Distributed systems, Floquet theory, H-type transition, Laminar streaks, Parabolized Floquet equations, Parabolized stability equations, Periodic systems, Transition to turbulence} 
}

%======
% 2018 %
%======

@ARTICLE{harjovkumJNNFM18,
   AUTHOR       = {G. Hariharan and M. R. Jovanovi\'c and S. Kumar},
    TITLE        = {Amplification of localized body forces in channel flows of viscoelastic fluids},
   JOURNAL      = {J. Non-Newtonian Fluid Mech.},
   VOLUME = {260},
   PAGES = {40-53},
   YEAR         = {2018},
PDF = {https://viterbi-web.usc.edu/~mihailo/papers/harjovkumJNNFM18.pdf},
   KEYWORDS     = {Flow modeling and control, Viscoelastic fluids, Input-output analysis, Elastic turbulence, Transition to turbulence, Uncertainty quantification in PDEs, Spatio-temporal impulse responses}
         }
         
@ARTICLE{mogjovTCNS18,
   AUTHOR       = {S. Hassan-Moghaddam and M. R. Jovanovi\'c},
   TITLE        = {Topology design for stochastically-forced consensus networks},
   JOURNAL = {IEEE Trans. Control Netw. Syst.},
   VOLUME = {5},
   NUMBER = {3},
   PAGES = {1075-1086},
   MONTH = {September},
   YEAR         = {2018},
   KEYWORDS     = {Consensus, Convex optimization, Distributed control, Interior point method, Proximal gradient method, Proximal Newton method, Sparse graphs, Topology design},
   PDF = {https://viterbi-web.usc.edu/~mihailo/papers/mogjovTCNS18.pdf}   
   }    
         
@ARTICLE{hildwinicjovcanPRF18,
   AUTHOR       = {N. Hildebrand and A. Dwivedi and J. W. Nichols and M. R. Jovanovi\'c and G. V. Candler},
   TITLE        = {Simulation and stability analysis of oblique shock wave/boundary layer interactions at {M}ach 5.92},
    JOURNAL      = {Phys. Rev. Fluids},  
    VOLUME = {3},
  NUMBER = {1},
  PAGES = {013906 (23 pages)},
   MONTH = {January},
      YEAR         = {2018},
   KEYWORDS     = {Adjoint equations, Base-flow sensitivity, Compressible flows, Direct numerical simulations, 
   Global stability analysis, Flow modeling and control, Hypersonic flows, Transition to turbulence},
   PDF = {https://viterbi-web.usc.edu/~mihailo/papers/hildwinicjovcanPRF18.pdf}    
   }    

%======
% 2017 %
%======

@ARTICLE{wujovSCL17,
AUTHOR = {X. Wu and M. R. Jovanovi\'c},
JOURNAL = {Syst. Control Lett.},
TITLE = {Sparsity-promoting optimal control of systems with symmetries, consensus and synchronization networks},
VOLUME = {103},
   PAGES = {1-8},
   MONTH = {May},
   YEAR         = {2017},
KEYWORDS = {Alternating direction method of multipliers, Consensus and synchronization networks, Distributed systems, Regularization for design, Sparsity-promoting optimal control, Spatially-invariant systems},
PDF = {https://viterbi-web.usc.edu/~mihailo/papers/wujovSCL17.pdf}  
}

@ARTICLE{zarchejovgeoTAC17,
   AUTHOR       = {A. Zare and Y. Chen and M. R. Jovanovi\'c and T. T. Georgiou},
   TITLE        = {Low-complexity modeling of partially available second-order statistics: theory and an efficient matrix completion algorithm},
   JOURNAL      = {IEEE Trans. Automat. Control},
   VOLUME = {62},
   NUMBER = {3},
   PAGES = {1368-1383},   
   MONTH = {March},
   YEAR    = {2017},
   KEYWORDS     = {Alternating minimization algorithm, Convex optimization, Disturbance dynamics, Low-rank approximation, Matrix completion problems, Nuclear norm regularization, Structured covariances},
   PDF          = {https://viterbi-web.usc.edu/~mihailo/papers/zarchejovgeoTAC17.pdf}    
   }    

@ARTICLE{zarjovgeoJFM17,
   AUTHOR       = {A. Zare and M. R. Jovanovi\'c and T. T. Georgiou},
   JOURNAL      = {J. Fluid Mech.},
   TITLE        = {Colour of turbulence},
   VOLUME = {812},
   PAGES = {636-680},
   MONTH = {February},
   YEAR         = {2017},
   KEYWORDS     = {Colored noise, Convex optimization, Disturbance dynamics, Flow modeling and control, Low-complexity modeling, Low-rank approximation, Matrix completion problems, Nuclear norm regularization, Structured covariances, Turbulence modeling},
      PDF = {https://viterbi-web.usc.edu/~mihailo/papers/zarjovgeoJFM17.pdf}    
   }
   
%======
% 2016 %
%======

@ARTICLE{jovdhiEJC16,
AUTHOR = {M. R. Jovanovi\'c and N. K. Dhingra},
JOURNAL = {Eur. J. Control},
TITLE = {Controller architectures: tradeoffs between performance and structure},
VOLUME = {30},
PAGES={76-91},
MONTH = {July},
YEAR = {2016},
KEYWORDS = {Controller architecture, Convex optimization, Distributed control, Networks of dynamical systems, Non-smooth optimization, Performance vs. complexity, Regularization for design, Sparsity-promoting optimal control, Structured optimal control, Structure identification},
PDF = {https://viterbi-web.usc.edu/~mihailo/papers/jovdhiEJC16.pdf} 
}

@ARTICLE{jeunicjovPOF16,
   AUTHOR       = {J. Jeun and J. W. Nichols and M. R. Jovanovi\'c},
   JOURNAL      = {Phys. Fluids},
   TITLE        = {Input-output analysis of high-speed axisymmetric isothermal jet noise},
   YEAR         = {2016},
   VOLUME = {28},
   NUMBER = {4},    
   PAGES = {047101 (20 pages)},   
   MONTH = {April},
   NOTE = {{\bf (Editor's Pick)}},
   KEYWORDS     = {Acoustics, Flow modeling and control, Input-output analysis, 
     Jet noise},
   PDF          = {https://viterbi-web.usc.edu/~mihailo/papers/jeunicjovPOF16.pdf}
   }

@ARTICLE{wudorjovTPS16,
   AUTHOR  = {X. Wu and F. D\"orfler and M. R. Jovanovi\'c},
   TITLE   = {Input-output analysis and decentralized optimal control of inter-area oscillations in power systems},
   JOURNAL = {IEEE Trans. Power Syst.},
   VOLUME = {31},
   NUMBER = {3},
   PAGES = {2434-2444},   
   MONTH = {May},
   YEAR    = {2016},
      KEYWORDS = {Alternating direction method of multipliers, Performance of large-scale networks, Power networks, Sparsity-promoting optimal control, Synchronization, Wide-area control},
   PDF = {https://viterbi-web.usc.edu/~mihailo/papers/wudorjovTPS16.pdf}
}

%======
% 2014 %
%======

@ARTICLE{tholiejovfarioagayPOF14,
   AUTHOR       = {V. L. Thomas and B. K. Lieu and M. R. Jovanovi\'c and B. F. Farrell and P. J. Ioannou and D. F. Gayme},
   TITLE        = {Self-sustaining turbulence in a restricted nonlinear model of plane {C}ouette flow},
   JOURNAL      = {Phys. Fluids},
   VOLUME = {26},
   NUMBER = {10},
   PAGES = {105112 (17 pages)},   
   MONTH = {October},
   YEAR         = {2014},
   KEYWORDS     = {Flow modeling and control, Navier-Stokes equations,
      Input-output analysis, Energy amplification, Transition to turbulence},
   PDF          = {https://viterbi-web.usc.edu/~mihailo/papers/tholiejovfarioagayPOF14.pdf}
   }

@ARTICLE{linfarjovTAC14leaderselection,
   AUTHOR       = {F. Lin and M. Fardad and M. R. Jovanovi\'c},
   TITLE        = {Algorithms for leader selection in stochastically forced consensus networks},
   JOURNAL      = {IEEE Trans. Automat. Control},
   YEAR         = {2014},
   MONTH        = {July},
   VOLUME       = {59},
   NUMBER       = {7},
   PAGES        = {1789-1802},
   KEYWORDS     = {Alternating direction method of multipliers, Consensus networks, Convex optimization,
   Greedy algorithm, Leader selection, Performance bounds, Sparsity},
   PDF          = {https://viterbi-web.usc.edu/~mihailo/papers/linfarjovTAC14LeaderSelection.pdf}    
   }    
   
@ARTICLE{moajovtroshamckPOF14,
   AUTHOR       = {R. Moarref and M. R. Jovanovi\'c and J. A. Tropp and A. S. Sharma and B. J. McKeon},
   JOURNAL      = {Phys. Fluids},
   TITLE        = {A low-order decomposition of turbulent channel flow via resolvent analysis and convex optimization},
   VOLUME = {26},
   NUMBER = {5},
   PAGES = {051701 (7 pages)},   
   MONTH = {May},
   YEAR         = {2014},
   KEYWORDS     = {Flow modeling and control, Convex optimization,  Low-rank approximation},
   PDF          =  {https://viterbi-web.usc.edu/~mihailo/papers/moajovtroshamckPOF14.pdf}
   }    

@ARTICLE{jovschnicPOF14,
   AUTHOR       = {M. R. Jovanovi\'c and P. J. Schmid and J. W. Nichols},
   JOURNAL      = {Phys. Fluids},
   TITLE        = {Sparsity-promoting dynamic mode decomposition},
   VOLUME = {26},
   NUMBER = {2},
   PAGES = {024103 (22 pages)},   
   MONTH = {February},
   YEAR    = {2014},
   NOTE = {{\bf (Editor's Pick)}},
   KEYWORDS     = {Dynamic Mode Decomposition, Flow modeling and control, Convex optimization, Sparsity},
   PDF          = {https://viterbi-web.usc.edu/~mihailo/papers/jovschnicPOF14.pdf}
   }
   
@ARTICLE{dorjovchebulTPS14,
   AUTHOR  = {F. D\"orfler and M. R. Jovanovi\'c and M. Chertkov and F. Bullo},
   TITLE   = {Sparsity-promoting optimal wide-area control of power networks},
   JOURNAL = {IEEE Trans. Power Syst.},
   VOLUME = {29},
   NUMBER = {5},
   PAGES = {2281-2291},   
   MONTH = {September},
   YEAR    = {2014},
      KEYWORDS     = {Alternating direction method of multipliers, Power networks,
   Sparsity-promoting optimal control, Wide-area control},
   PDF = {https://viterbi-web.usc.edu/~mihailo/papers/dorjovchebulTPS14.pdf}
}
   
@ARTICLE{farlinjovTAC14sync,
   AUTHOR       = {M. Fardad and F. Lin and M. R. Jovanovi\'c},
   TITLE        = {Design of optimal sparse interconnection graphs for synchronization of oscillator networks},
   JOURNAL      = {IEEE Trans. Automat. Control},
   VOLUME = {59},
   NUMBER = {9},
   PAGES = {2457-2462},   
   MONTH = {September},
   YEAR    = {2014},   
   KEYWORDS     = {Distributed control, Oscillator networks, Sparse graphs, Synchronization},
   PDF          = {https://viterbi-web.usc.edu/~mihailo/papers/farlinjovTAC14sync.pdf}
    }

%======
% 2013 %
%======

@ARTICLE{shaarcjovpacAUT13,
   AUTHOR       = {S. Y. Shafi and M. Arcak and M. R. Jovanovi\'c and A. Packard},
   TITLE        = {Synchronization of diffusively-coupled limit cycle oscillators},
   JOURNAL      = {Automatica},
   YEAR         = {2013},
   MONTH        = {December},
   VOLUME = {49},
   NUMBER = {12},
   PAGES        = {3613-3622},
   KEYWORDS     = {Biochemical networks, Diffusively coupled systems, Time-periodic systems, Synchronization, Uncertainty quantification in PDEs},
   PDF          = {https://viterbi-web.usc.edu/~mihailo/papers/shaarcjovpacAUT13.pdf}
    }

@ARTICLE{liejovJCP13,
   AUTHOR       = {B. K. Lieu and M. R. Jovanovi\'c},
   JOURNAL      = {J. Comput. Phys.},
   TITLE        = {Computation of frequency responses for linear time-invariant {PDEs} on a compact interval},
   YEAR         = {2013},
   VOLUME = {250},
   PAGES = {246-269},
   KEYWORDS     = {Distributed systems theory, Computational tools for spatially distributed systems, Uncertainty quantification in PDEs},
   PDF          = {https://viterbi-web.usc.edu/~mihailo/papers/liejovJCP13.pdf}    
   }

@ARTICLE{linfarjovTAC13admm,
   AUTHOR       = {F. Lin and M. Fardad and M. R. Jovanovi\'c},
   JOURNAL      = {IEEE Trans. Automat. Control},
   TITLE        = {Design of optimal sparse feedback gains via the alternating direction method of multipliers},
	volume={58}, 
	number={9}, 
	pages={2426-2431},
	MONTH        = {September},
	year={2013}, 
   KEYWORDS     = {Alternating direction method of multipliers,
   Architectural issues in distributed control design, Cardinality minimization, Distributed control,
   Optimization, Sparsity-promoting optimal control},
   PDF          = {https://viterbi-web.usc.edu/~mihailo/papers/linfarjovTAC13admm.pdf}    
   }

@ARTICLE{liejovkumJFM13,
   AUTHOR       = {B. K. Lieu and M. R. Jovanovi\'c and S. Kumar},
   JOURNAL      = {J. Fluid Mech.},
   TITLE        = {Worst-case amplification of disturbances in inertialess {C}ouette flow of viscoelastic fluids},
   YEAR         = {2013},
   PAGES        = {232-263},
   VOLUME       = {723},
   KEYWORDS     = {Flow modeling and control, Viscoelastic fluids,
      Input-output analysis, Elastic turbulence, Transition to turbulence,
      Uncertainty quantification in PDEs, Worst-case amplification},
   PDF          = {https://viterbi-web.usc.edu/~mihailo/papers/liejovkumJFM13.pdf}    
   }

%======
% 2012 %
%======

@ARTICLE{moajovJFM12,
   AUTHOR       = {R. Moarref and M. R. Jovanovi\'c},
   JOURNAL      = {J. Fluid Mech.},
   TITLE        = {Model-based design of transverse wall oscillations for turbulent drag reduction},
   YEAR         = {2012},
   MONTH        = {September},
   PAGES        = {205-240},
   VOLUME       = {707},
   KEYWORDS     = {Drag reduction, Control of turbulent flows, Flow modeling and control,
   Input-output analysis, Navier-Stokes equations, Parametric resonance, Perturbation analysis,
   Simulation-free design, Spanwise wall oscillations, Time-periodic systems, Vibrational control},
   PDF          = {https://viterbi-web.usc.edu/~mihailo/papers/moajovJFM12.pdf}    
   }

@ARTICLE{linfarjovTAC12platoons,
   AUTHOR       = {F. Lin and M. Fardad and M. R. Jovanovi\'c},
   TITLE        = {Optimal control of vehicular formations with nearest neighbor interactions},
   JOURNAL      = {IEEE Trans. Automat. Control},
   YEAR         = {2012},
   MONTH        = {September},
   VOLUME       = {57},
   NUMBER       = {9},
   PAGES        = {2203-2218},
   KEYWORDS     = {Architectural issues in distributed control design, Distributed control,
   Optimal localized control, Control of vehicular formations, Large-scale networks, Fundamental limitations},
   PDF          = {https://viterbi-web.usc.edu/~mihailo/papers/linfarjovTAC12platoons.pdf}    
   }

@ARTICLE{bamjovmitpat12,
   AUTHOR       = {B. Bamieh and M. R. Jovanovi\'c and P. Mitra and
      S. Patterson},
   TITLE        = {Coherence in large-scale networks: dimension dependent
      limitations of local feedback},
   JOURNAL      = {IEEE Trans. Automat. Control},
   YEAR         = {2012},
   MONTH        = {September},
   VOLUME       = {57},
   NUMBER       = {9},
   PAGES        = {2235-2249},
   NOTE = {{\bf (2013 George S.\ Axelby Outstanding Paper Award)}},
   KEYWORDS     = {Control of vehicular formations, Large-scale networks, Fundamental limitations},
   PDF          = {https://viterbi-web.usc.edu/~mihailo/papers/bamjovmitpatTAC12.pdf}
   }

%======
% 2011 %
%======

@ARTICLE{linfarjovTAC11al,
   AUTHOR       = {F. Lin and M. Fardad and M. R. Jovanovi\'c},
   JOURNAL      = {IEEE Trans. Automat. Control},
   TITLE        = {Augmented {L}agrangian approach to design of structured optimal state feedback gains},
   YEAR         = {2011},
   MONTH        = {December},
   NUMBER       = {12},
   PAGES        = {2923-2929},
   VOLUME       = {56},
   KEYWORDS     = {Architectural issues in distributed control design, Distributed control, Optimal localized control},
   PDF          = {https://viterbi-web.usc.edu/~mihailo/papers/linfarjovTAC11auglag.pdf}
   }

@ARTICLE{jovkumJNNFM11,
   AUTHOR       = {M. R. Jovanovi\'c and S. Kumar},
   JOURNAL      = {J. Non-Newtonian Fluid Mech.},
   TITLE        = {Nonmodal amplification of stochastic disturbances in strongly elastic channel flows},
   YEAR         = {2011},
   NUMBER       = {14-15},
   PAGES        = {755-778},
   VOLUME       = {166},
   KEYWORDS     = {Flow modeling and control, Viscoelastic fluids,
      Input-output analysis, Energy amplification, Elastic turbulence,
      Transition to turbulence, Singular perturbation methods},
   PDF          = {https://viterbi-web.usc.edu/~mihailo/papers/jovkumJNNFM11.pdf}
   }
   
@ARTICLE{farjovAUT11,
   AUTHOR       = {M. Fardad and M. R. Jovanovi\'c},
   JOURNAL      = {Automatica},
   TITLE        = {Design of optimal controllers for spatially invariant systems with finite communication speed},
   YEAR         = {2011},
   MONTH        = {May},
   NUMBER       = {5},
   PAGES        = {880-889},
   VOLUME       = {47},
   KEYWORDS     = {Architectural issues in distributed control design, Distributed control, Optimal localized control},
   PDF          = {https://viterbi-web.usc.edu/~mihailo/papers/farjovAUT11.pdf}
   }

%======
% 2010 %
%======

@ARTICLE{moajovJFM10,
   AUTHOR       = {R. Moarref and M. R. Jovanovi\'c},
   JOURNAL      = {J. Fluid Mech.},
   TITLE        = {Controlling the onset of turbulence by streamwise traveling waves.
   {P}art 1: {R}eceptivity analysis},
   YEAR         = {2010},
   MONTH        = {November},
   PAGES        = {70-99},
   VOLUME       = {663},
   KEYWORDS     = {Controlling the onset of turbulence, Energy amplification, Flow modeling and control,
   Input-output analysis, Navier-Stokes equations, Parametric resonance, Perturbation analysis,
   Simulation-free design, Spatially-periodic systems, Traveling waves, Vibrational control},
   PDF          = {https://viterbi-web.usc.edu/~mihailo/papers/moajovJFM10.pdf}
   }

@ARTICLE{liemoajovJFM10,
   AUTHOR       = {B. K. Lieu and R. Moarref and M. R. Jovanovi\'c},
   JOURNAL      = {J. Fluid Mech.},
   TITLE        = {Controlling the onset of turbulence by streamwise traveling waves.
   {P}art 2: {D}irect numerical simulations},
   YEAR         = {2010},
   MONTH        = {November},
   PAGES        = {100-119},
   VOLUME       = {663},
   KEYWORDS     = {Controlling the onset of turbulence, Direct numerical simulations, Energy amplification,
   Flow modeling and control, Input-output analysis, Navier-Stokes equations, Parametric resonance,
   Relaminarization, Spatially-periodic systems, Traveling waves, Turbulent flows, Vibrational control},
   PDF          = {https://viterbi-web.usc.edu/~mihailo/papers/liemoajovJFM10.pdf}
   }

@ARTICLE{jovkumPOF10,
   AUTHOR       = {M. R. Jovanovi\'c and S. Kumar},
   JOURNAL      = {Phys. Fluids},
   TITLE        = {Transient growth without inertia},
   YEAR         = {2010},
   NUMBER       = {2},
   PAGES        = {023101 (19 pages)},
   VOLUME       = {22},
   KEYWORDS     = {Flow modeling and control, Viscoelastic fluids, Input-output analysis, Energy amplification, Elastic turbulence, Transient growth, Transition to turbulence},
   PDF          = {https://viterbi-web.usc.edu/~mihailo/papers/jovkumPOF10.pdf}
   }

@ARTICLE{jovIO10,
   AUTHOR       = {M. R. Jovanovi\'c},
   JOURNAL      = {Int. J. Systems, Control and Communications},
   TITLE        = {On the optimality of localized distributed controllers},
   YEAR         = {2010},
   NUMBER       = {1/2/3},
   PAGES        = {82-99},
   VOLUME       = {2},
   NOTE         = {Special issue on Information Processing and Decision Making in Distributed Control Systems},
   KEYWORDS     = {Architectural issues in distributed control design,
      Distributed control, Localized control},
   PDF          = {https://viterbi-web.usc.edu/~mihailo/papers/jovIO10.pdf}
   }

%======
% 2009 %
%======

@ARTICLE{hodjovkumJFM09,
   AUTHOR       = {N. Hoda and M. R. Jovanovi\'c and S. Kumar},
   JOURNAL      = {J. Fluid Mech.},
   TITLE        = {Frequency responses of streamwise-constant perturbations
      in channel flows of {O}ldroyd-{B} fluids},
   YEAR         = {2009},
   PAGES        = {411-434},
   VOLUME       = {625},
   KEYWORDS     = {Flow modeling and control, Viscoelastic fluids,
      Input-output analysis, Energy amplification,
      Transition to turbulence},
   PDF          = {https://viterbi-web.usc.edu/~mihailo/papers/jfm09.pdf}
   }

@ARTICLE{linjovTAC09,
   AUTHOR       = {F. Lin and M. R. Jovanovi\'c},
   JOURNAL      = {IEEE Trans. Automat. Control},
   TITLE        = {Least-squares approximation of structured covariances},
   YEAR         = {2009},
   MONTH        = {July},
   NUMBER       = {7},
   PAGES        = {1643-1648},
   VOLUME       = {54},
   KEYWORDS     = {Optimization, Large-scale systems,
      Least-squares approximation, Structured covariances},
   PDF          = {https://viterbi-web.usc.edu/~mihailo/papers/linjovTAC09.pdf}
   }

%======
% 2008 %
%======

@ARTICLE{farjovbam08,
   AUTHOR       = {M. Fardad and M. R. Jovanovi\'c and B. Bamieh},
   JOURNAL      = {IEEE Trans. Automat. Control},
   TITLE        = {Frequency analysis and norms of distributed spatially
      periodic systems},
   YEAR         = {2008},
   MONTH        = {November},
   NUMBER       = {10},
   PAGES        = {2266-2279},
   VOLUME       = {53},
   KEYWORDS     = {Distributed systems theory, Input-output analysis,
      Spatially-periodic systems, Uncertainty quantification in PDEs},
   PDF          = {https://viterbi-web.usc.edu/~mihailo/papers/tac08periodic.pdf}
   }

@ARTICLE{hodjovkumJFM08,
   AUTHOR       = {N. Hoda and M. R. Jovanovi\'c and S. Kumar},
   JOURNAL      = {J. Fluid Mech.},
   TITLE        = {Energy amplification in channel flows of viscoelastic
      fluids},
   YEAR         = {2008},
   PAGES        = {407-424},
   VOLUME       = {601},
   KEYWORDS     = {Flow modeling and control, Viscoelastic fluids,
      Input-output analysis, Energy amplification,
      Transition to turbulence},
   PDF          = {https://viterbi-web.usc.edu/~mihailo/papers/jfm08.pdf}
   }

@ARTICLE{jovPOF08,
   AUTHOR       = {M. R. Jovanovi\'c},
   JOURNAL      = {Phys. Fluids},
   TITLE        = {Turbulence suppression in channel flows by small
      amplitude transverse wall oscillations},
   YEAR         = {2008},
   MONTH        = {January},
   NUMBER       = {1},
   PAGES        = {014101 (11 pages)},
   VOLUME       = {20},
   KEYWORDS     = {Controlling the onset of turbulence, Flow modeling and control, Input-output analysis,
      Navier-Stokes equations, Parametric resonance, Time-periodic systems,
      Vibrational control, Energy amplification},
   PDF          = {https://viterbi-web.usc.edu/~mihailo/papers/pof08.pdf}
   }

@ARTICLE{jovarcsonTAC08,
   AUTHOR       = {M. R. Jovanovi\'c and M. Arcak and E. D. Sontag},
   JOURNAL      = {IEEE Trans. Automat. Control: Special Issue on Systems Biology},
   TITLE        = {A passivity-based approach to stability of spatially
      distributed systems with a cyclic interconnection structure},
   YEAR         = {2008},
   MONTH        = {January},
   PAGES        = {75-86},
   VOLUME       = {53},
   KEYWORDS     = {Biochemical networks, Cyclic feedback systems,
      Distributed systems theory, Reaction-diffusion equations},
   PDF          = {https://viterbi-web.usc.edu/~mihailo/papers/tac08secant.pdf}
   }

@ARTICLE{jovfarAUT08,
   AUTHOR       = {M. R. Jovanovi\'c and M. Fardad},
   JOURNAL      = {Automatica},
   TITLE        = {{$H_2$} norm of linear time-periodic systems: a
      perturbation analysis},
   YEAR         = {2008},
   MONTH        = {August},
   OPTNOTE      = {},
   NUMBER       = {8},
   PAGES        = {2090-2098},
   VOLUME       = {44},
   KEYWORDS     = {Distributed systems theory, Input-output analysis,
      Time-periodic systems, Perturbation analysis, Uncertainty quantification in PDEs},
   PDF          = {https://viterbi-web.usc.edu/~mihailo/papers/aut08h2pert.pdf}
   }

@ARTICLE{jovfowbamdan08,
   AUTHOR       = {M. R. Jovanovi\'c and J. M. Fowler and B. Bamieh and
      R. D'Andrea},
   JOURNAL      = {Syst. Control Lett.},
   TITLE        = {On the peaking phenomenon in the control of vehicular
      platoons},
   YEAR         = {2008},
   MONTH        = {July},
   NUMBER       = {7},
   PAGES        = {528-537},
   VOLUME       = {57},
   KEYWORDS     = {Control of vehicular formations, Large-scale systems,
      Peaking},
   PDF          = {https://viterbi-web.usc.edu/~mihailo/papers/scl08peaking.pdf}
   }

%======
% 2007 %
%======

@ARTICLE{jovbamTAC07arc,
   AUTHOR       = {M. R. Jovanovi\'c and B. Bamieh},
   JOURNAL      = {IEEE Trans. Automat. Control},
   TITLE        = {Architecture induced by distributed backstepping design},
   YEAR         = {2007},
   MONTH        = {January},
   NUMBER       = {1},
   PAGES        = {108-113},
   VOLUME       = {52},
   KEYWORDS     = {Architectural issues in distributed control design,
      Distributed control, Localized control},
   PDF          = {https://viterbi-web.usc.edu/~mihailo/papers/tac07arc.pdf}
   }

%======
% 2006 %
%======

@ARTICLE{jovbamSCL06,
   AUTHOR       = {M. R. Jovanovi\'c and B. Bamieh},
   JOURNAL      = {Syst. Control Lett.},
   TITLE        = {A formula for frequency responses of distributed systems
      with one spatial variable},
   YEAR         = {2006},
   MONTH        = {January},
   NUMBER       = {1},
   PAGES        = {27-37},
   VOLUME       = {55},
   KEYWORDS     = {Distributed systems theory,
      Computational tools for spatially distributed systems, Uncertainty quantification in PDEs},
   PDF          = {https://viterbi-web.usc.edu/~mihailo/papers/scl06.pdf}
   }

%======
% 2005 %
%======

@ARTICLE{jovbamJFM05,
   AUTHOR       = {M. R. Jovanovi\'c and B. Bamieh},
   JOURNAL      = {J. Fluid Mech.},
   TITLE        = {Componentwise energy amplification in channel flows},
   YEAR         = {2005},
   PAGES        = {145-183},
   VOLUME       = {534},
   KEYWORDS     = {Flow modeling and control, Navier-Stokes equations,
      Input-output analysis, Energy amplification,
      Transition to turbulence},
   PDF          = {https://viterbi-web.usc.edu/~mihailo/papers/jfm05.pdf}
   }

@ARTICLE{jovbamTAC05lattice,
   AUTHOR       = {M. R. Jovanovi\'c and B. Bamieh},
   JOURNAL      = {IEEE Trans. Automat. Control},
   TITLE        = {Lyapunov-based distributed control of systems on
      lattices},
   YEAR         = {2005},
   MONTH        = {April},
   NUMBER       = {4},
   PAGES        = {422-433},
   VOLUME       = {50},
   KEYWORDS     = {Architectural issues in distributed control design,
      Distributed control, Localized control},
   PDF          = {https://viterbi-web.usc.edu/~mihailo/papers/tac05lattice.pdf}
   }

@ARTICLE{jovbamTAC05platoons,
   AUTHOR       = {M. R. Jovanovi\'c and B. Bamieh},
   JOURNAL      = {IEEE Trans. Automat. Control},
   TITLE        = {On the ill-posedness of certain vehicular platoon
      control problems},
   YEAR         = {2005},
   MONTH        = {September},
   NUMBER       = {9},
   PAGES        = {1307-1321},
   VOLUME       = {50},
   KEYWORDS     = {Control of vehicular formations,
      Large-scale and infinite dimensional systems,
      Fundamental limitations},
   PDF          = {https://viterbi-web.usc.edu/~mihailo/papers/tac05platoons.pdf}
   }

%======
% 1997 %
%======

@ARTICLE{debjov97,
   AUTHOR       = {D. Debeljkovi\'c and M. R. Jovanovi\'c},
   JOURNAL      = {Advances in Modeling and Analysis},
   TITLE        = {Non-{L}yapunov stability consideration of linear
      descriptor systems operating under perturbing forces},
   YEAR         = {1997},
   NUMBER       = {1-2},
   PAGES        = {1-8},
   VOLUME       = {49}
}

%%===============
%% Conferences %%
%%===============

%======
% 2020 %
%======

@INPROCEEDINGS{mohsoljovACC20,
   AUTHOR = {H. Mohammadi and M. Soltanolkotabi and M. R. Jovanovi\'c},
      TITLE        = {Random search for learning the linear quadratic regulator},
   BOOKTITLE  = {Proceedings of the 2020 American Control Conference},
   YEAR         = {2020},
   ADDRESS      = {Denver, CO},
      NOTE = {submitted},
   KEYWORDS = {Data-driven control, Gradient descent, Model-free control, Nonconvex optimization, Optimization, Optimal control, Random search method, Reinforcement learning, Sample complexity}
   }

@INPROCEEDINGS{sammohjovACC20,
   AUTHOR = {S. Samuelson and H. Mohammadi and M. R. Jovanovi\'c},
      TITLE        = {Transient growth of accelerated first-order methods},
   BOOKTITLE  = {Proceedings of the 2020 American Control Conference},
   YEAR         = {2020},
   ADDRESS      = {Denver, CO},
      NOTE = {submitted},
   KEYWORDS     = {Accelerated first-order algorithms, Control for optimization, Convex optimization, Gradient descent, Transient growth}
   }

 @INPROCEEDINGS{dwicanjovACC20,
   AUTHOR = {A. Dwivedi and G. V. Candler and M. R. Jovanovi\'c},
      TITLE        = {A frequency domain analysis of compressible linearized {N}avier-{S}tokes equations in a hypersonic compression ramp flow},
   BOOKTITLE  = {Proceedings of the 2020 American Control Conference},
   YEAR         = {2020},
   ADDRESS      = {Denver, CO},
      NOTE = {submitted},
   KEYWORDS = {Compressible flows, Compression ramp flow, Flow modeling and control, Hypersonic flows, Input-Output analysis, Shock Boundary layer interaction, Reattachment vortices, Transition to turbulence} 
   }
   
   @INPROCEEDINGS{ranzarhacjovAIAA20,
   AUTHOR = {W. Ran and A. Zare and M. J. P. Hack and M. R. Jovanovi\'c},
   BOOKTITLE  = {Proceedings of the 2020 AIAA SciTech Forum and Exposition},
   TITLE        = {Boundary layer receptivity analysis via the algebraic {L}yapunov equation},
   YEAR         = {2020},
   ADDRESS      = {Orlando, FL},
   NOTE = {to appear},
   KEYWORDS = {Boundary layers, Boundary layer receptivity, Control-oriented modeling, Distributed systems, Energy amplification, Flow modeling and control, Free-stream turbulence, Low-complexity modeling, Navier-Stokes equations, Spatially-evolving flows, Transition to turbulence} 
   }

%======
% 2019 %
%======

@INPROCEEDINGS{dinweiyanwanjovNIPS19,
   AUTHOR = {D. Ding and X. Wei and Z. Yang and Z. Wang and M. R. Jovanovi\'c},
   BOOKTITLE  = {33rd Conference on Neural Information Processing Systems},
   TITLE        = {Fast multi-agent temporal-difference learning via homotopy stochastic primal-dual optimization},
   YEAR         = {2019},
   ADDRESS      = {Vancouver, Canada},
   NOTE = {submitted}, 
   KEYWORDS = {Convex optimization, Multi-agent systems, Primal-dual algorithms, Reinforcement learning, Stochastic optimization}
   }

@INPROCEEDINGS{mohzarsoljovCDC19,
AUTHOR = {H. Mohammadi and A. Zare and M. Soltanolkotabi and M. R. Jovanovi\'c},
BOOKTITLE = {Proceedings of the 58th IEEE Conference on Decision and Control},
TITLE = {Global exponential convergence of gradient methods over the nonconvex landscape of the linear quadratic regulator},
YEAR = {2019},
ADDRESS = {Nice, France},
NOTE = {to appear}, 
KEYWORDS = {Data-driven control, Gradient descent, Gradient-flow dynamics, Model-free control, Nonconvex optimization, Optimization, Optimal control, Reinforcement learning}
}

@INPROCEEDINGS{ranzarjovCDC19,
AUTHOR = {W. Ran and A. Zare and M. R. Jovanovi\'c},
BOOKTITLE = {Proceedings of the 58th IEEE Conference on Decision and Control},
TITLE = {Drag reduction in turbulent channel flow over spatially periodic surfaces},
YEAR = {2019},
ADDRESS = {Nice, France},
NOTE = {to appear}, 
KEYWORDS = {Drag reduction, Riblets, Sensor-free flow control, Spatially-periodic systems, Spatio-temporal frequency responses, Stochastically-forced Navier-Stokes equations, Turbulence modeling}
}

@INPROCEEDINGS{dinweijovCDC19,
AUTHOR = {D. Ding and X. Wei and M. R. Jovanovi\'c},
BOOKTITLE = {Proceedings of the 58th IEEE Conference on Decision and Control},
TITLE = {Distributed robust statistical learning: {B}yzantine dual averaging},
YEAR = {2019},
ADDRESS = {Nice, France},
NOTE = {to appear}, 
KEYWORDS = {Distributed optimization, Dual averaging, Robust statistical learning}
}

@INPROCEEDINGS{hildwisidnicjovcanIUTAM19,
   AUTHOR       = {N. Hildebrand and A. Dwivedi and G. S. Sidharth and J. W. Nichols and M. R. Jovanovi\'c and G. V. Candler},
   BOOKTITLE    = {Proceedings of the 2019 {IUTAM} Symposium on Laminar-Turbulent Transition},
   TITLE        = {Instabilities in laminar shock boundary layer interactions},
   YEAR         = {2019},
   ADDRESS      = {London, United Kingdom},
   NOTE = {to appear},
   KEYWORDS     = {Adjoint equations, Base-flow sensitivity, Compressible flows, Direct numerical simulations, Global stability analysis, Flow modeling and control, Hypersonic flows, Transition to turbulence},
}
 
@INPROCEEDINGS{mogjovmeyACC19,
   AUTHOR = {S. Hassan-Moghaddam and M. R. Jovanovi\'c and S. Meyn},
   BOOKTITLE  = {Proceedings of the 2019 American Control Conference},
   TITLE        = {Data-driven proximal algorithms for the design of structured optimal feedback gains},
   YEAR         = {2019},
   ADDRESS      = {Philadelphia, PA},
                PAGES = {5846-5850},
   PDF = {https://viterbi-web.usc.edu/~mihailo/papers/mogjovmeyACC19.pdf},
   KEYWORDS     = {Data-driven feedback design, Large-scale systems, Non-smooth optimization, Proximal algorithms, Reinforcement learning, Sparsity-promoting optimal control, Structured optimal control}
   }

@INPROCEEDINGS{mohrazjovACC19,
   AUTHOR = {H. Mohammadi and M. Razaviyayn and M. R. Jovanovi\'c},
   BOOKTITLE  = {Proceedings of the 2019 American Control Conference},
   TITLE        = {Performance of noisy {N}esterov's accelerated method for strongly convex optimization problems},
   YEAR         = {2019},
   ADDRESS      = {Philadelphia, PA},
             PAGES = {3426-3431},
   PDF = {https://viterbi-web.usc.edu/~mihailo/papers/mohrazjovACC19.pdf},
   KEYWORDS     = {Accelerated first-order algorithms, Control for optimization, Convex optimization, Integral quadratic constraints, Linear matrix inequalities, Noise amplification, Second-order moments, Semidefinite programming}
   }
   
@INPROCEEDINGS{dinjovACC19,
   AUTHOR = {D. Ding and M. R. Jovanovi\'c},
   BOOKTITLE  = {Proceedings of the 2019 American Control Conference},
   TITLE        = {Global exponential stability of primal-dual gradient flow dynamics based on the proximal augmented {L}agrangian},
   YEAR         = {2019},
   ADDRESS      = {Philadelphia, PA},
          PAGES = {3414-3419},
   PDF = {https://viterbi-web.usc.edu/~mihailo/papers/dinjovACC19.pdf},
   KEYWORDS     = {Convex optimization, Global exponential stability, Non-smooth optimization, Primal-dual gradient flow dynamics, Proximal augmented Lagrangian method}
   }   

@INPROCEEDINGS{ranzarhacjovACC19,
   AUTHOR = {W. Ran and A. Zare and M. J. P. Hack and M. R. Jovanovi\'c},
   BOOKTITLE  = {Proceedings of the 2019 American Control Conference},
   TITLE        = {Relating global and local stochastic receptivity analysis of boundary layer flows},
   YEAR         = {2019},
   ADDRESS      = {Philadelphia, PA},
   NOTE = {(Invited paper)},
       PAGES = {3212-3217},
      PDF = {https://viterbi-web.usc.edu/~mihailo/papers/ranzarhacjovACC19.pdf},
   KEYWORDS     = {Boundary layers, Boundary layer receptivity, Control-oriented modeling, Distributed systems, Energy amplification, Flow modeling and control, Free-stream turbulence, Low-complexity modeling, Navier-Stokes equations, Spatially-evolving flows, Transition to turbulence} 
   }

%======
% 2018 %
%======

@INPROCEEDINGS{mohrazjovCDC18,
   AUTHOR = {H. Mohammadi and M. Razaviyayn and M. R. Jovanovi\'c},
   TITLE = {Variance amplification of accelerated first-order algorithms for strongly convex quadratic optimization problems},
BOOKTITLE = {Proceedings of the 57th IEEE Conference on Decision and Control},
YEAR = {2018},
ADDRESS = {Miami, FL},
    PAGES = {5753-5758},
       PDF = {https://viterbi-web.usc.edu/~mihailo/papers/mohrazjovCDC18.pdf},
   KEYWORDS     = {Accelerated optimization algorithms, Control for optimization, Input-output analysis, Large-scale networks, Fundamental limitations, Robustness, Variance amplifications}
   }

@INPROCEEDINGS{mogjovCDC18a,
AUTHOR = {S. Hassan-Moghaddam and M. R. Jovanovi\'c},
TITLE = {On the exponential convergence rate of proximal gradient flow algorithms},
BOOKTITLE = {Proceedings of the 57th IEEE Conference on Decision and Control},
YEAR = {2018},
ADDRESS = {Miami, FL},
NOTE = {(Invited paper)},
PAGES = {4246-4251},
       PDF = {https://viterbi-web.usc.edu/~mihailo/papers/mogjovCDC18a.pdf},
KEYWORDS = {Control for optimization, Distributed optimization, Forward-backward envelope, Exponential convergence, Global exponential stability, Gradient flow dynamics, Large-scale systems, Non-smooth optimization, Primal-dual method, Proximal algorithms, Proximal augmented Lagrangian} 
}

@INPROCEEDINGS{mogjovCDC18b,
AUTHOR = {S. Hassan-Moghaddam and M. R. Jovanovi\'c},
TITLE = {Topology identification via growing a {C}how-{L}iu tree network},
BOOKTITLE = {Proceedings of the 57th IEEE Conference on Decision and Control},
YEAR = {2018},
ADDRESS = {Miami, FL},
PAGES = {5421-5426},
       PDF = {https://viterbi-web.usc.edu/~mihailo/papers/mogjovCDC18b.pdf},
KEYWORDS = {Chow-Liu tree, Consensus, Convex optimization, Graphical LASSO, Sparse graphs, Topology identification, Maximum likelihood, Sparse inverse covariance estimation}
}

@INPROCEEDINGS{dinhudhijovCDC18,
AUTHOR = {D. Ding and B. Hu and N. K. Dhingra and M. R. Jovanovi\'c},
TITLE = {An exponentially convergent primal-dual algorithm for nonsmooth composite minimization},
BOOKTITLE = {Proceedings of the 57th IEEE Conference on Decision and Control},
YEAR = {2018},
ADDRESS = {Miami, FL},
PAGES = {4927-4932},
       PDF = {https://viterbi-web.usc.edu/~mihailo/papers/dinhudhijovCDC18.pdf},
KEYWORDS = {Control for optimization, Convex optimization, Euler discretization, Exponential convergence, Global exponential stability, Integral quadratic constraints, Proximal augmented Lagrangian, Non-smooth optimization, Primal-dual gradient flow dynamics, Proximal algorithms, Regularization}   
}

@INPROCEEDINGS{zarjovCDC18,
AUTHOR = {A. Zare and M. R. Jovanovi\'c},
TITLE = {Optimal sensor selection via proximal optimization algorithms},
BOOKTITLE = {Proceedings of the 57th IEEE Conference on Decision and Control},
YEAR = {2018},
ADDRESS = {Miami, FL},
PAGES = {6514-6519},
       PDF = {https://viterbi-web.usc.edu/~mihailo/papers/zarjovCDC18.pdf},
KEYWORDS = {Convex optimization, Proximal algorithms, Sensor selection, Semidefinite programming, Sparsity-promoting estimation and control, Quasi-Newton methods} 
}

@INPROCEEDINGS{dwisidcannicjovAIAA18,
AUTHOR = {A. Dwivedi and G. S. Sidharth and G. V. Candler and J. W. Nichols and M. R. Jovanovi\'c},
BOOKTITLE = {Proceedings of the 48th AIAA Fluid Dynamics Conference},
TITLE = {Input-output analysis of shock boundary layer interaction},
YEAR = {2018},
ADDRESS = {Atlanta, GA},
PAGES = {3220 (17 pages)},
PDF = {https://viterbi-web.usc.edu/~mihailo/papers/dwisidcannicjovAIAA18.pdf},
KEYWORDS = {Compressible flows, Input-Output analysis, Shock Boundary layer interaction, Hypersonic flows} 
}

@INPROCEEDINGS{hilniccanjovAIAA18,
AUTHOR = {N. Hildebrand and J. W. Nichols and G. V. Candler and M. R. Jovanovi\'c},
BOOKTITLE = {Proceedings of the 48th AIAA Fluid Dynamics Conference},
TITLE = {Transient growth in oblique shock wave/laminar boundary layer interactions at {M}ach 5.92},
YEAR = {2018},
ADDRESS = {Atlanta, GA},
PAGES = {3221 (17 pages)},
PDF = {https://viterbi-web.usc.edu/~mihailo/papers/hilniccanjovAIAA18.pdf},
KEYWORDS = {Transient growth, Global stability analysis, Adjoints, Hypersonic flows} 
}

@INPROCEEDINGS{mogjovACC18,
   AUTHOR = {S. Hassan-Moghaddam and M. R. Jovanovi\'c},
   BOOKTITLE  = {Proceedings of the 2018 American Control Conference},
   TITLE        = {Distributed proximal augmented {L}agrangian method for nonsmooth composite optimization},
   YEAR         = {2018},
   ADDRESS      = {Milwaukee, WI},
   PAGES = {2047-2052},
   PDF = {https://viterbi-web.usc.edu/~mihailo/papers/mogjovACC18.pdf},
   KEYWORDS     = {Consensus, Distributed Optimization, Non-smooth optimization, Primal-dual gradient flow dynamics, Proximal augmented Lagrangian}
   }

@INPROCEEDINGS{mohrazjovACC18,
   AUTHOR = {H. Mohammadi and M. Razaviyayn and M. R. Jovanovi\'c},
   BOOKTITLE  = {Proceedings of the 2018 American Control Conference},
   TITLE        = {On the stability of gradient flow dynamics for a rank-one matrix approximation problem},
   YEAR         = {2018},
   ADDRESS      = {Milwaukee, WI},
   PAGES = {4533-4538},
   PDF = {https://viterbi-web.usc.edu/~mihailo/papers/mohrazjovACC18.pdf},
   KEYWORDS     = {Non-convex optimization, Stability of nonlinear systems, Matrix approximation, Gradient flow dynamics}
   }
   
@INPROCEEDINGS{dinjovACC18,
AUTHOR = {D. Ding and M. R. Jovanovi\'c},
BOOKTITLE = {Proceedings of the 2018 American Control Conference},
TITLE = {A primal-dual {L}aplacian gradient flow dynamics for distributed resource allocation problems},
YEAR = {2018},
ADDRESS = {Milwaukee, WI},
PAGES = {5316-5320},
PDF = {https://viterbi-web.usc.edu/~mihailo/papers/dinjovACC18.pdf},
KEYWORDS = {Primal-dual gradient flow dynamics, Proximal augmented Lagrangian, Distributed resource allocation, Economic dispatch}
}
   
@INPROCEEDINGS{ranzarhacjovACC18,
AUTHOR = {W. Ran and A. Zare and M. J. P. Hack and M. R. Jovanovi\'c},
TITLE = {Low-complexity modeling of mode interactions in boundary layer flows},
BOOKTITLE = {Proceedings of the 2018 American Control Conference},
ADDRESS = {Milwaukee, WI},
YEAR = {2018},
PAGES = {134-139},
NOTE = {(Invited paper)},
PDF = {https://viterbi-web.usc.edu/~mihailo/papers/ranzarhacjovACC18.pdf},
KEYWORDS = {Boundary layers, Control-oriented modeling, Distributed systems, Floquet theory, Parabolized stability equations, Spatially-periodic systems, Transition to turbulence} 
}

@INPROCEEDINGS{harjovkumACC18,
   AUTHOR       = {G. Hariharan and M. R. Jovanovi\'c and S. Kumar},
   BOOKTITLE    = {Proceedings of the 2018 American Control Conference},
   TITLE        = {Spatio-temporal impulse responses in channel flow of viscoelastic fluids},
   YEAR         = {2018},
   ADDRESS      = {Milwaukee, WI},
   PAGES = {2857-2862},
PDF = {https://viterbi-web.usc.edu/~mihailo/papers/harjovkumACC18.pdf},
   KEYWORDS     = {Flow modeling and control, Viscoelastic fluids, Input-output analysis, Elastic turbulence, Transition to turbulence, Uncertainty quantification in PDEs, Spatio-temporal impulse responses}
   }
   
%======
% 2017 %
%======

@INPROCEEDINGS{dhikhojovCDC17,
   AUTHOR       = {N. K. Dhingra and S. Z. Khong and M. R. Jovanovi\'c},
   BOOKTITLE    = {Proceedings of the 56th IEEE Conference on Decision and Control},
   TITLE        = {A second order primal-dual algorithm for non-smooth convex composite optimization},
   YEAR         = {2017},
   ADDRESS      = {Melbourne, Australia},
   PAGES         = {2868-2873},
   PDF          = {https://viterbi-web.usc.edu/~mihailo/papers/dhikhojovCDC17.pdf},
   KEYWORDS = {Augmented Lagrangian, Method of multipliers, Non-smooth optimization, Proximal algorithms, Regularization for design, Sparsity-promoting optimal control, Structured optimal control, Structure identification}
}

@INPROCEEDINGS{mogjovCDC17,
   AUTHOR       = {S. Hassan-Moghaddam and M. R. Jovanovi\'c},
   BOOKTITLE    = {Proceedings of the 56th IEEE Conference on Decision and Control},
   TITLE        = {Distributed design of optimal structured feedback gains},
   YEAR         = {2017},
   ADDRESS      = {Melbourne, Australia},
   PAGES = {6586-6591},
   PDF          = {https://viterbi-web.usc.edu/~mihailo/papers/mogjovCDC17.pdf},
   KEYWORDS     = {Alternating direction method of multipliers, Consensus, Distributed control, Optimization, Sparsity-promoting optimal control, Structured optimal control}
}

@INPROCEEDINGS{zardhijovgeoCDC17,
   AUTHOR       = {A. Zare and N. K. Dhingra and M. R. Jovanovi\'c and T. T. Georgiou},
   BOOKTITLE    = {Proceedings of the 56th IEEE Conference on Decision and Control},
   TITLE        = {Structured covariance completion via proximal algorithms},
   YEAR         = {2017},
   ADDRESS      = {Melbourne, Australia},
   PAGES         = {3775-3780},
    PDF          = {https://viterbi-web.usc.edu/~mihailo/papers/zardhijovgeoCDC17.pdf},
   KEYWORDS     = {Augmented Lagrangian, Convex optimization, Low-rank perturbation, Matrix completion problem, Method of multipliers, Non-smooth optimization, Proximal algorithms, Regularization for design, Sparsity-promoting optimal control, Structured covariances}
}

@INPROCEEDINGS{dekzarlokjovcheGSIP17,
AUTHOR = {D. Deka and A. Zare and A. Lokhov and M. R. Jovanovi\'c and M. Chertkov},
BOOKTITLE = {Proceedings of the 5th IEEE Global Conference on Signal and Information Processing},
TITLE = {State and noise covariance estimation in power grids using limited nodal {PMU}s},
YEAR = {2017},
ADDRESS = {Montreal, Canada},
PDF          = {https://viterbi-web.usc.edu/~mihailo/papers/dekzarlokjovcheGSIP17.pdf},
KEYWORDS = {Covariance completion, Delayed covariance, Power systems, Synchronization} 
}

@INPROCEEDINGS{dwinicjovcanAIAA17,
   AUTHOR       = {A. Dwivedi and J. W. Nichols and M. R. Jovanovi\'c and G. V. Candler},
   BOOKTITLE    = {Proceedings of the 47th AIAA Fluid Dynamics Conference},
   TITLE        = {Optimal spatial growth of streaks in oblique shock/boundary layer interaction},
   YEAR         = {2017},
   ADDRESS      = {Denver, CO},
   PAGES = {4163 (17 pages)},
   PDF          = {https://viterbi-web.usc.edu/~mihailo/papers/dwinicjovcanAIAA17.pdf},
   KEYWORDS     = {Compressible flows, Direct numerical simulations, Transient growth, Hypersonic flows, Transition to turbulence}
}

@INPROCEEDINGS{shrnicjovcanAIAA17,
   AUTHOR       = {P. Shrestha and J. W. Nichols and M. R. Jovanovi\'c and G. V. Candler},
   BOOKTITLE    = {Proceedings of the 47th AIAA Fluid Dynamics Conference},
   TITLE        = {Study of trip-induced hypersonic boundary layer transition},
   YEAR         = {2017},
   ADDRESS      = {Denver, CO},
   PAGES         = {4513 (21 pages)},
   PDF          = {https://viterbi-web.usc.edu/~mihailo/papers/shrnicjovcanAIAA17.pdf},
   KEYWORDS     = {Direct numerical simulations, Dynamic mode decomposition, Roughness elements, Hypersonic flows, Transition to turbulence}
}

@INPROCEEDINGS{hildwiniccanjovAIAA17,
   AUTHOR       = {N. Hildebrand and A. Dwivedi and J. W. Nichols and G. V. Candler and M. R. Jovanovi\'c},
   BOOKTITLE    = {Proceedings of the 47th AIAA Fluid Dynamics Conference},
   TITLE        = {Sensitivity analysis for the control of oblique shock wave/laminar boundary layer interactions at {M}ach $5.92$},
   YEAR         = {2017},
   ADDRESS      = {Denver, CO},
   PAGES = {4312 (14 pages)},
   PDF          = {https://viterbi-web.usc.edu/~mihailo/papers/hildwiniccanjovAIAA17.pdf},
   KEYWORDS     = {Adjoint equations, Base-flow sensitivity, Compressible flows, Direct numerical simulations, 
   Global stability analysis, Flow modeling and control, Hypersonic flows, Transition to turbulence}
}

@INPROCEEDINGS{ranzarnicjovAIAA17,
AUTHOR = {W. Ran and A. Zare and J. W. Nichols and M. R. Jovanovi\'c},
BOOKTITLE = {Proceedings of the 47th AIAA Fluid Dynamics Conference},
TITLE = {The effect of sponge layers on global stability analysis of {B}lasius boundary layer flow},
YEAR = {2017},
ADDRESS = {Denver, CO},
PAGES = {3456 (12 pages)},
   PDF          = {https://viterbi-web.usc.edu/~mihailo/papers/ranzarnicjovAIAA17.pdf},
KEYWORDS = {Global stability analysis, Sponge layer, Boundary layer flow} 
}

@INPROCEEDINGS{mogwujovACC17,
AUTHOR = {S. Hassan-Moghaddam and X. Wu and M. R. Jovanovi\'c},
TITLE = {Edge addition in directed consensus networks},
BOOKTITLE = {Proceedings of the 2017 American Control Conference},
ADDRESS = {Seattle, WA},
YEAR = {2017},
PAGES = {5592-5597},
PDF          = {https://viterbi-web.usc.edu/~mihailo/papers/mogwujovACC17.pdf},
KEYWORDS = {Alternating direction method of multipliers, consensus, directed networks, non-convex optimization, sparsity-promoting optimal control}
}

@INPROCEEDINGS{ranzarhacjovACC17,
 AUTHOR =       {W. Ran and A. Zare and M. J. P. Hack and M. R. Jovanovi\'c},
 TITLE = {Low-complexity stochastic modeling of spatially-evolving flows},
 BOOKTITLE =    {Proceedings of the 2017 American Control Conference},
 ADDRESS    = {Seattle, WA},
 YEAR  =         {2017},
 PAGES = {3815-3820},
 PDF          = {https://viterbi-web.usc.edu/~mihailo/papers/ranzarhacjovACC17.pdf},
 KEYWORDS     = {Flow modeling and control, Low-complexity modeling, Parabolized stability equations, Spatially-evolving flows, Transition to turbulence, Turbulence modeling}
 }

%======
% 2016 %
%======

@INPROCEEDINGS{ranzarhacjovCTR16,
   AUTHOR = {W. Ran and A. Zare and M. J. P. Hack and M. R. Jovanovi\'c},
 TITLE = {Low-complexity stochastic modeling of spatially-evolving flows},
     BOOKTITLE    = {Proceedings of the 2016 Summer Program},
   YEAR         = {2016},
   PAGES        = {285-294},
   ADDRESS      = {Center for Turbulence Research, Stanford University/NASA},
   PDF          = {https://viterbi-web.usc.edu/~mihailo/papers/ranzarhacjovCTR16.pdf},
   KEYWORDS     = {Flow modeling and control, Low-complexity modeling, Parabolized stability equations, Spatially-evolving flows, Transition to turbulence, Turbulence modeling}
   }

@INPROCEEDINGS{dhicoljovCDC16,
   AUTHOR       = {N. K. Dhingra and M. Colombino and M. R. Jovanovi\'c},
   BOOKTITLE    = {Proceedings of the 55th IEEE Conference on Decision and Control},
   TITLE        = {Leader selection in directed networks},
   YEAR         = {2016},
   ADDRESS      = {Las Vegas, NV},
   NOTE         = {(Invited paper)},
   PAGES        = {2715-2720},
   PDF          = {https://viterbi-web.usc.edu/~mihailo/papers/dhicoljovCDC16.pdf},
   KEYWORDS     = {Consensus networks, Convex optimization, Positive systems, Leader selection}
}

@INPROCEEDINGS{coldhijovsmiCDC16,
   AUTHOR       = {M. Colombino and N.K. Dhingra and M. R. Jovanovi\'c and Roy S. Smith},
   BOOKTITLE    = {Proceedings of the 55th IEEE Conference on Decision and Control},
   TITLE        = {Convex reformulation of a robust optimal control problem for a class of positive systems},
   YEAR         = {2016},
   ADDRESS      = {Las Vegas, NV},
   NOTE         = {(Invited paper)},
   PAGES        = {5263-5268},
   PDF          = {https://viterbi-web.usc.edu/~mihailo/papers/coldhijovsmiCDC16.pdf},
   KEYWORDS     = {Combination drug therapy, Convex optimization, Networks, Positive systems, Proximal algorithms, Optimization, Sparsity-promoting optimal control, Structured design, Robust Control}
}

@INPROCEEDINGS{mogdhijovCDC16,
   AUTHOR       = {S. Hassan-Moghaddam and N. K. Dhingra and M. R. Jovanovi\'c},
   BOOKTITLE    = {Proceedings of the 55th IEEE Conference on Decision and Control},
   TITLE        = {Topology identification of undirected consensus networks via sparse inverse covariance estimation},
   YEAR         = {2016},
   ADDRESS      = {Las Vegas, NV},
   PAGES        = {4624-4629},
   PDF          = {https://viterbi-web.usc.edu/~mihailo/papers/mogdhijovCDC16.pdf},
   KEYWORDS     = {Consensus, Convex optimization, Sparse graphs, Topology identification, Maximum likelihood, Sparse inverse covariance estimation}
}

@INPROCEEDINGS{zarjovgeoCDC16,
   AUTHOR       = {A. Zare and M. R. Jovanovi\�c and T. T. Georgiou},
   BOOKTITLE    = {Proceedings of the 55th IEEE Conference on Decision and Control},
   TITLE        = {Perturbation of system dynamics and the covariance completion problem},
   YEAR         = {2016},
   ADDRESS      = {Las Vegas, NV},
   PAGES        = {7036-7041},
   PDF          = {https://viterbi-web.usc.edu/~mihailo/papers/zarjovgeoCDC16.pdf},
   KEYWORDS     = {Convex optimization, Low-rank perturbation, Matrix completion problem, Sparsity-promoting optimal control, Structured covariances}
}

@INPROCEEDINGS{gruzarjovranCDC16,
   AUTHOR       = {C. Grussler and A. Zare and M. R. Jovanovi\'c and A. Rantzer},
   BOOKTITLE    = {Proceedings of the 55th IEEE Conference on Decision and Control},
   TITLE        = {The use of the $r*$ heuristic in covariance completion problems},
   YEAR         = {2016},
   ADDRESS      = {Las Vegas, NV},
   PAGES        = {1978-1983},
   PDF          = {https://viterbi-web.usc.edu/~mihailo/papers/gruzarjovranCDC16.pdf},
   KEYWORDS     = {Convex optimization, $k$-support-norm, Low-rank approximation, Matrix completion problem, Nuclear norm regularization, Structured covariances},
   PDF          = {https://viterbi-web.usc.edu/~mihailo/papers/gruzarjovranCDC16.pdf} 
}

@INPROCEEDINGS{annseijovCDC16,
   AUTHOR       = {J. Annoni and P.\ Seiler and M. R. Jovanovi\'c},
   BOOKTITLE    = {Proceedings of the 55th IEEE Conference on Decision and Control},
   TITLE        = {Sparsity-promoting dynamic mode decomposition for systems with inputs},
   YEAR         = {2016},
   ADDRESS      = {Las Vegas, NV},
   NOTE         = {(Invited paper)},
   PAGES        = {6506-6511},
   PDF          = {https://viterbi-web.usc.edu/~mihailo/papers/annseijovCDC16.pdf},
   KEYWORDS     = {Dynamic Mode Decomposition, Flow modeling and control, Convex optimization, Sparsity}
}
 
@INPROCEEDINGS{mogjovNOL16,
   AUTHOR       = {S. Hassan-Moghaddam and M. R. Jovanovi\'c},
   BOOKTITLE    = {Proceedings of the 10th IFAC Symposium on Nonlinear Control Systems},
   TITLE        = {Customized algorithms for growing connected resistive networks},
   YEAR         = {2016},
   ADDRESS      = {Monterey, CA},
   PAGES        = {986-991},
   KEYWORDS     = {Convex optimization, Coordinate descent algorithm, Networks, Proximal algorithms},
	PDF = {https://viterbi-web.usc.edu/~mihailo/papers/mogjovNOL16.pdf}
}

@INPROCEEDINGS{dhiwujovNOL16,
   AUTHOR       = {N. K. Dhingra and X. Wu and M. R. Jovanovi\'c},
   BOOKTITLE    = {Proceedings of the 10th IFAC Symposium on Nonlinear Control Systems},
   TITLE        = {Sparsity-promoting optimal control of systems with invariances and symmetries},
   YEAR         = {2016},
   ADDRESS      = {Monterey, CA},
   PAGES = {648-653},
   KEYWORDS     = {Architectural issues in distributed control design, 
      Cardinality minimization, Convex optimization, Distributed control, 
      Sparsity-promoting optimal control, Spatially-invariant systems, Symmetric systems}
}
 
@INPROCEEDINGS{coldhijovransmiMTNS16,
   AUTHOR       = {M. Colombino and N. K. Dhingra and M. R. Jovanovi\'c and A. Rantzer and R. S. Smith},
   BOOKTITLE    = {Proceedings of the 22nd International Symposium on Mathematical Theory of Network and Systems},
   TITLE        = {On the optimal control problem for a class of monotone bilinear systems},
   YEAR         = {2016},
   ADDRESS      = {Minneapolis, MN},
   PAGES = {411-413},
   NOTE         = {(Invited paper)},
   KEYWORDS     = {Convex optimization, Networks, Monotone systems, Positive systems, Proximal algorithms, Optimization, Sparsity-promoting optimal control, Structured design},
   PDF          = {https://viterbi-web.usc.edu/~mihailo/papers/coldhijovransmiMTNS16.pdf}
}

@INPROCEEDINGS{zarchejovgeoMTNS16,
   AUTHOR       = {A. Zare and Y. Chen and M. R. Jovanovi\'c and T. T. Georgiou},
   BOOKTITLE    = {Proceedings of the 22nd International Symposium on Mathematical Theory of Network and Systems},
   TITLE        = {An alternating minimization algorithm for structured covariance completion problems},
   YEAR         = {2016},
   ADDRESS      = {Minneapolis, MN},
   PAGES = {117-119},
   KEYWORDS     = {Alternating minimization algorithm, Convex optimization, Disturbance dynamics, Low-rank approximation, Matrix completion problems, Nuclear norm regularization, Structured covariances},
   PDF          = {https://viterbi-web.usc.edu/~mihailo/papers/zarchejovgeoMTNS16.pdf}
   }

@INPROCEEDINGS{jeunicjovAIAA16,
  AUTHOR       = {J. Jeun and J. W. Nichols and M. R. Jovanovi\'c},   
  BOOKTITLE    = {Proceedings of the 22nd AIAA/CEAS Aeroacoustics Conference},
   TITLE        = {Input-output analysis of heated axisymmetric turbulent jets},
   YEAR         = {2016},
   PAGES = {2934 (13 pages)},
   ADDRESS      = {Lyon, France},
   KEYWORDS     = {Acoustics, Direct numerical simulations, Flow modeling and control, Input-output analysis, Jet noise},
   PDF          = {https://viterbi-web.usc.edu/~mihailo/papers/jeunicjovAIAA16.pdf}
}

@INPROCEEDINGS{shrdwihilnicjovcanAIAA16,
   AUTHOR       = {P. Sfhrestha and A. Dwivedi and N. Hildebrand and J. W. Nichols and M. R. Jovanovi\'c and G. V. Candler},
   BOOKTITLE    = {Proceedings of the 46th AIAA Fluid Dynamics Conference},
   TITLE        = {Interaction of an oblique shock with a transitional {M}ach $5.65$ boundary layer},
   YEAR         = {2016},
   PAGES = {3647 (14 pages)},
   ADDRESS      = {Washington, DC},
   KEYWORDS     = {Compressible flows, Direct numerical simulations, Dynamic mode decomposition, Flow modeling and control, Hypersonic flows, Transition to turbulence},
   PDF          = {https://viterbi-web.usc.edu/~mihailo/papers/shrdwihilnicjovcanAIAA16.pdf}
}

@INPROCEEDINGS{dhicoljovECC16,
   AUTHOR       = {N. K. Dhingra and M. Colombino and M. R. Jovanovi\'c},
   BOOKTITLE    = {Proceedings of the 2016 European Control Conference},
   TITLE        = {On the convexity of a class of structured optimal control problems for positive systems},
   YEAR         = {2016},
   ADDRESS      = {Aalborg, Denmark},
   PAGES = {825-830},
   KEYWORDS     = {Combination drug therapy, Convex optimization, Leader selection, Networks, Positive systems, Proximal algorithms, Optimization, Sparsity-promoting optimal control, Structured design},
      PDF = {https://viterbi-web.usc.edu/~mihailo/papers/dhicoljovECC16.pdf} 
}

@INPROCEEDINGS{dhijovACC16,
   AUTHOR       = {N. K. Dhingra and M. R. Jovanovi\'c},
   BOOKTITLE    = {Proceedings of the 2016 American Control Conference},
   TITLE        = {A method of multipliers algorithm for sparsity-promoting optimal control},
   YEAR         = {2016},
   ADDRESS      = {Boston, MA},
   PAGES = {1942-1947},
   NOTE         = {(Invited paper)},
   KEYWORDS     = {Augmented Lagrangian, Method of multipliers, Proximal algorithms, Optimization, Sparsity-promoting optimal control},
   PDF = {https://viterbi-web.usc.edu/~mihailo/papers/dhijovACC16.pdf} 
}

@INPROCEEDINGS{wudorjovACC16,
AUTHOR = {X. Wu and F. D\"orfler and M. R. Jovanovi\'c},
BOOKTITLE = {Proceedings of the 2016 American Control Conference},
TITLE = {Topology identification and design of distributed integral action in power networks},
YEAR = {2016},
ADDRESS = {Boston, MA},
PAGES = {5921-5926},
KEYWORDS = {Alternating direction method of multipliers, Distributed PI-control, Power systems, Sparsity-promoting optimal control, Topology identification},
PDF = {https://viterbi-web.usc.edu/~mihailo/papers/wudorjovACC16.pdf} 
}

%======
% 2015 %
%======

@INPROCEEDINGS{dhijovluoASI15,
  AUTHOR =       {N. K. Dhingra and M. R. Jovanovi\'c and Z. Q. Luo},
  TITLE =        {Optimal sensor and actuator selection for large-scale dynamical systems},
  BOOKTITLE =    {Proceedings of the 2015 Asilomar Conference on Signals, Systems, and Computers},
  ADDRESS    = {Pacific Grove, CA},
  NOTE         = {to appear},
  YEAR  =         {2015},
  PAGES = {},
  KEYWORDS = {Alternating direction method of multipliers, Convex optimization, Actuator selection, Sensor selection},
  PDF          = {} 
}

@INPROCEEDINGS{wudorjovCDC15,
   AUTHOR       = {X. Wu and F. D\"orfler and M. R. Jovanovi\'c},
   BOOKTITLE    = {Proceedings of the 54th IEEE Conference on Decision and Control},
   TITLE        = {Decentralized optimal control of inter-area oscillations in bulk power systems},
   YEAR         = {2015},
   ADDRESS      = {Osaka, Japan},
   PAGES         = {5532-5537},
   KEYWORDS     = {Decentralized control, Input-output analysis, Inter-area oscillations, Power systems, Sparsity-promoting optimal control, Synchronization, Wide-area control},
   PDF          = {https://viterbi-web.usc.edu/~mihailo/papers/wudorjovCDC15.pdf} 
}

@INPROCEEDINGS{purwusindhojovCDC15,
   AUTHOR       = {V. Purba and X. Wu and M. Sinha and S. V. Dhople and M. R. Jovanovi\'c},
   BOOKTITLE    = {Proceedings of the 54th IEEE Conference on Decision and Control},
   TITLE        = {Design of optimal coupling gains for synchronization of nonlinear oscillators},
   YEAR         = {2015},
   ADDRESS      = {Osaka, Japan},
   PAGES         = {1310-1315},
   KEYWORDS     = {Alternating direction method of multipliers, Power systems, Sparsity-promoting optimal control, Synchronization, Weakly nonlinear oscillators},
   PDF          = {https://viterbi-web.usc.edu/~mihailo/papers/purwusindhojovCDC15.pdf} 
}

@INPROCEEDINGS{zarjovgeoACC15,
  AUTHOR =       {A. Zare and M. R. Jovanovi\'c and T. T. Georgiou},
  TITLE = {Alternating direction optimization algorithms for covariance completion problems},
  BOOKTITLE =    {Proceedings of the 2015 American Control Conference},
  ADDRESS    = {Chicago, IL},
  YEAR  =         {2015},
  PAGES        = {515-520},
  KEYWORDS = {Alternating direction method of multipliers,
 Alternating minimization algorithm, Convex optimization, Low-rank approximation, Matrix completion problem, Nuclear norm regularization, Structured covariances},
 PDF          = {https://viterbi-web.usc.edu/~mihailo/papers/zarjovgeoACC15.pdf} 
}

@INPROCEEDINGS{mogjovACC15,
  AUTHOR =       {S. Hassan-Moghaddam and M. R. Jovanovi\'c},
  TITLE =        {An interior point method for growing connected resistive networks},
  BOOKTITLE =    {Proceedings of the 2015 American Control Conference},
  ADDRESS    = {Chicago, IL},
  YEAR  =         {2015},
  PAGES        = {1223-1228},
 KEYWORDS     = {Consensus, Convex optimization, Distributed control, Interior point method, Sparse graphs, Topology identification},
  PDF          = {https://viterbi-web.usc.edu/~mihailo/papers/mogjovACC15.pdf} 
}

@INPROCEEDINGS{dhijovACC15,
  AUTHOR =       {N. K. Dhingra and M. R. Jovanovi\'c},
  TITLE =        {Convex synthesis of symmetric modifications to linear systems},
  BOOKTITLE =    {Proceedings of the 2015 American Control Conference},
  ADDRESS    = {Chicago, IL},
  YEAR  =         {2015},
  PAGES        = {3583-3588},
  KEYWORDS = {Combination drug therapy, Networks, Sparse controller synthesis, Structured design, Symmetric systems},
  PDF          = {https://viterbi-web.usc.edu/~mihailo/papers/dhijovACC15.pdf} 
}

%======
% 2014 %
%======

@INPROCEEDINGS{zarjovgeoCTR14,
  AUTHOR       = {A. Zare and M. R. Jovanovi\'c and T. T. Georgiou},
    TITLE        = {Completion of partially known turbulent flow statistics via convex optimization},
     BOOKTITLE    = {Proceedings of the 2014 Summer Program},
   YEAR         = {2014},
   ADDRESS      = {Center for Turbulence Research, Stanford University/NASA},
   PAGES        = {345-354},
   KEYWORDS     = {Convex optimization, Flow modeling and control, 
      Low-rank approximation, Matrix completion problem, 
      Nuclear norm regularization, Structured covariances},
      PDF          = {https://viterbi-web.usc.edu/~mihailo/papers/zarjovgeoCTR14.pdf} 
}

@INPROCEEDINGS{nicjovCTR14,
  AUTHOR       = {J. W. Nichols and M. R. Jovanovi\'c},
      TITLE        = {Input-output analysis of high-speed jet noise},
   BOOKTITLE    = {Proceedings of the 2014 Summer Program},
   YEAR         = {2014},
   ADDRESS      = {Center for Turbulence Research, Stanford University/NASA},
   PAGES        = {251-260},
   KEYWORDS     = {Acoustics, Flow modeling and control, Input-output analysis, 
     Jet noise},
     PDF          = {https://viterbi-web.usc.edu/~mihailo/papers/nicjovCTR14.pdf} 
}
   
@INPROCEEDINGS{dhijovluoCDC14,
  AUTHOR =       {N. K. Dhingra and M. R. Jovanovi\'c and Z. Q. Luo},
  TITLE =        {An {ADMM} algorithm for optimal sensor and actuator selection},
  BOOKTITLE =    {Proceedings of the 53rd IEEE Conference on Decision and Control},
  ADDRESS    = {Los Angeles, CA},
  YEAR  =         {2014},
  PAGES = {4039-4044},
  KEYWORDS = {Alternating direction method of multipliers, Convex optimization, Actuator selection, Sensor selection},
  PDF          = {https://viterbi-web.usc.edu/~mihailo/papers/dhijovluoCDC14.pdf} 
}

@INPROCEEDINGS{farzhalinjovCDC14,
  AUTHOR =       {M. Fardad and X. Zhang and F. Lin and M. R. Jovanovi\'c},
  TITLE =        {On the properties of optimal weak links in consensus networks},
  BOOKTITLE =    {Proceedings of the 53rd IEEE Conference on Decision and Control},
  ADDRESS    = {Los Angeles, CA},
  YEAR  =         {2014},
  PAGES = {2124-2129},
  KEYWORDS = {Optimization, Perturbation analysis, Social influence, Social networks, Stochastic matrices},
  PDF          = {https://viterbi-web.usc.edu/~mihailo/papers/farzhalinjovCDC14.pdf} 
  }   

@INPROCEEDINGS{wudorjovMTNS14,
   AUTHOR       = {X. Wu and F. D\"orfler and M. R. Jovanovi\'c},
   BOOKTITLE    = {Proceedings of the 21st International Symposium on Mathematical Theory of Network and Systems},
   TITLE        = {Analysis and design trade-offs for power network inter-area oscillations},
   YEAR         = {2014},
   ADDRESS      = {Groningen, The Netherlands},
   NOTE         = {(Invited paper)},
   PAGES = {657-663},
   KEYWORDS     = {Performance of large-scale networks, Power networks, Sparsity-promoting optimal control, Wide-area control}
}

@INPROCEEDINGS{wujovACC14,
   AUTHOR       = {X. Wu and M. R. Jovanovi\'c},
   BOOKTITLE    = {Proceedings of the 2014 American Control Conference},
   TITLE        = {Sparsity-promoting optimal control of consensus and 
      synchronization networks},
   YEAR         = {2014},
   ADDRESS      = {Portland, OR},
   PAGES    = {2948-2953},
   KEYWORDS     = {Consensus, Distributed control, Oscillator networks, 
      Sparse graphs, Synchronization}
}

@INPROCEEDINGS{farjovACC14,
   AUTHOR       = {M. Fardad and M. R. Jovanovi\'c},
   BOOKTITLE    = {Proceedings of the 2014 American Control Conference},
   TITLE        = {On the design of optimal structured and sparse feedback 
      gains using semidefinite programming},
   YEAR         = {2014},
   ADDRESS      = {Portland, OR},
   PAGES    = {2438-2443},
   KEYWORDS     = {Architectural issues in distributed control design, 
      Cardinality minimization, Convex optimization, Distributed control, 
      Sparsity-promoting optimal control}
}

@INPROCEEDINGS{farlinjovACC14,
   AUTHOR       = {M. Fardad and F. Lin and M. R. Jovanovi\'c},
   BOOKTITLE    = {Proceedings of the 2014 American Control Conference},
   TITLE        = {On optimal link creation for facilitation of consensus 
      in social networks},
   YEAR         = {2014},
   ADDRESS      = {Portland, OR},
   PAGES    = {3802-3807},
   KEYWORDS     = {Consensus, Optimization, Social influence, 
      Social networks, Stochastic matrices}
}

@INPROCEEDINGS{zarjovgeoACC14,
   AUTHOR       = {A. Zare and M. R. Jovanovi\'c and T. T. Georgiou},
   BOOKTITLE    = {Proceedings of the 2014 American Control Conference},
   TITLE        = {Completion of partially known turbulent flow statistics},
   YEAR         = {2014},
   ADDRESS      = {Portland, OR},
   PAGES    = {1680-1685},
 NOTE         = {{\bf (Invited paper; Finalist, Best Student Paper Award)}},   
 KEYWORDS     = {Alternating direction method of multipliers, 
      Convex optimization, Flow modeling and control, 
      Low-rank approximation, Matrix completion problem, 
      Nuclear norm regularization, Structured covariances}
}

@INPROCEEDINGS{zoldhilinjovACC14,
   AUTHOR       = {D. M. Zoltowski and N. K. Dhingra and F. Lin and 
      M. R. Jovanovi\'c},
   BOOKTITLE    = {Proceedings of the 2014 American Control Conference},
   TITLE        = {Sparsity-promoting optimal control of 
      spatially-invariant systems},
   YEAR         = {2014},
   ADDRESS      = {Portland, OR},
   PAGES    = {1261-1266},
   KEYWORDS     = {Architectural issues in distributed control design, 
      Cardinality minimization, Convex optimization, Distributed control, 
      Sparsity-promoting optimal control, Spatially-invariant systems}
}
 
%======
% 2013 %
%======

@INPROCEEDINGS{chejovgeoCDC13,
  AUTHOR =       {Y. Chen and M. R. Jovanovi\'c and T. T. Georgiou},
  TITLE =        {State covariances and the matrix completion problem},
  BOOKTITLE =    {Proceedings of the 52nd IEEE Conference on Decision and Control},
  ADDRESS    = {Florence, Italy},
  YEAR  =         {2013},
  PAGES = {1702-1707},
  KEYWORDS = {Convex optimization, Low-rank approximation, Matrix completion problem, Nuclear norm regularization,  Structured covariances}
}

@INPROCEEDINGS{linjovgeoCDC13,
  AUTHOR =       {F. Lin and M. R. Jovanovi\'c and T. T. Georgiou},
  TITLE =        {An {ADMM} algorithm for matrix completion of partially known state covariances},
  BOOKTITLE =    {Proceedings of the 52nd IEEE Conference on Decision and Control},
  YEAR  =         {2013},
  ADDRESS    = {Florence, Italy},
  PAGES = {1684-1689},
  KEYWORDS = {Alternating direction method of multipliers, Convex optimization, Low-rank approximation, Matrix completion problem, Nuclear norm regularization,  Structured covariances}
}

@INPROCEEDINGS{jovlinECC13,
   AUTHOR       = {M. R. Jovanovi\'c and F. Lin},
   BOOKTITLE    = {Proceedings of the 12th European Control Conference},
   TITLE        = {Sparse quadratic regulator},
   YEAR         = {2013},
   ADDRESS      = {Z\"urich, Switzerland},
   PAGES        =  {1047-1052},
   KEYWORDS     = {Alternating direction method of multipliers, Cardinality minimization, Distributed control, Optimization, Sparsity-promoting optimal control},
   PDF          = {https://viterbi-web.usc.edu/~mihailo/papers/jovlinECC13.pdf} 
}

@INPROCEEDINGS{dorjovchebulACC13,
   AUTHOR       = {F. D\"orfler and M. R. Jovanovi\'c and M. Chertkov and F. Bullo},
   BOOKTITLE    = {Proceedings of the 2013 American Control Conference},
   TITLE        = {Sparse and optimal wide-area damping control in power networks},
   YEAR         = {2013},
   ADDRESS      = {Washington, DC},
   PAGES         = {4295-4300},
   KEYWORDS     = {Alternating direction method of multipliers, Power networks,
   Sparsity-promoting optimal control, Wide-area control},
   PDF          = {https://viterbi-web.usc.edu/~mihailo/papers/dorjovchebulACC13.pdf}   
}

@INPROCEEDINGS{shaarcjovACC13,
   AUTHOR       = {S. Y. Shafi and M. Arcak and M. R. Jovanovi\'c},
   BOOKTITLE    = {Proceedings of the 2013 American Control Conference},
   TITLE        = {Synchronization of limit cycle oscillations in diffusively-coupled systems},
   YEAR         = {2013},
   ADDRESS      = {Washington, DC},
   PAGES         = {4874-4879},
   KEYWORDS     = {Biochemical networks, Diffusively coupled systems, Time-periodic systems, Synchronization, Uncertainty quantification in PDEs}
}

@INPROCEEDINGS{farlinzhajovACC13,
   AUTHOR       = {M. Fardad and F. Lin and X. Zhang and M. R. Jovanovi\'c},
   BOOKTITLE    = {Proceedings of the 2013 American Control Conference},
   TITLE        = {On new characterizations of social influence in social networks},
   YEAR         = {2013},
   ADDRESS      = {Washington, DC},
   PAGES         = {4784-4789},
   KEYWORDS     = {Optimization, Social influence, Social networks, Stochastic matrices}
}

@INPROCEEDINGS{liejovACC13,
   AUTHOR       = {B. K. Lieu and M. R. Jovanovi\'c},
   BOOKTITLE    = {Proceedings of the 2013 American Control Conference},
   TITLE        = {Model-based analysis of polymer drag reduction in a turbulent channel flow},
   YEAR         = {2013},
   ADDRESS      = {Washington, DC},
   NOTE         = {(Invited paper)},
   PAGES = {485-490},
   KEYWORDS     = {Drag reduction, Control of turbulent flows, Flow modeling and control, Input-output analysis, Energy amplification,  Simulation-free design, Transition to turbulence, Viscoelastic fluids}
}

%======
% 2012 %
%======

@INPROCEEDINGS{jovschnicCTR12,
   AUTHOR       = {M. R. Jovanovi\'c and P. J. Schmid and J. W. Nichols},
   BOOKTITLE    = {Center for Turbulence Research Annual Research Briefs},
   TITLE        = {Low-rank and sparse dynamic mode decomposition},
   YEAR         = {2012},
   PAGES      = {139-152},
   KEYWORDS     = {Dynamic Mode Decomposition, Flow modeling and control, Convex optimization, Sparsity}
}

@INPROCEEDINGS{saynicschjovCTR12,
   AUTHOR       = {T. Sayadi and J. W. Nichols and P. J. Schmid and M. R. Jovanovi\'c},
   BOOKTITLE    = {Proceedings of the 2012 Summer Program},
   TITLE        = {Dynamic mode decomposition of {H}-type transition to turbulence},
   YEAR         = {2012},
   ADDRESS      = {Center for Turbulence Research, Stanford University/NASA},
   PAGES        = {5-14},
   KEYWORDS     = {Boundary layers, Dynamic mode decomposition, Flow modeling and control,
   Navier-Stokes equations, Transition to turbulence}
}

@INPROCEEDINGS{fargayioaliejovCTR12,
   AUTHOR       = {B. F. Farrell and D. F. Gayme and P. J. Ioannou and B. K. Lieu and M. R. Jovanovi\'c},
   BOOKTITLE    = {Proceedings of the 2012 Summer Program},
   TITLE        = {Dynamics of the roll and streak structure in transition and turbulence},
   YEAR         = {2012},
   ADDRESS      = {Center for Turbulence Research, Stanford University/NASA},
   PAGES        = {43-54},
   KEYWORDS     = {Flow modeling and control, Navier-Stokes equations,
      Input-output analysis, Energy amplification, Transition to turbulence}
}

@INPROCEEDINGS{liejovCTR12,
   AUTHOR       = {B. K. Lieu and M. R. Jovanovi\'c},
   BOOKTITLE    = {Proceedings of the 2012 Summer Program},
   TITLE        = {Analysis of drag reduction by polymers in a turbulent channel flow},
   YEAR         = {2012},
   ADDRESS      = {Center for Turbulence Research, Stanford University/NASA},
   PAGES        = {65-74},
   KEYWORDS     = {Drag reduction, Control of turbulent flows, Flow modeling and control, Input-output analysis,
   Energy amplification,  Simulation-free design, Transition to turbulence, Viscoelastic fluids}
}

@INPROCEEDINGS{linfarjovALL12,
   AUTHOR       = {F. Lin and M. Fardad and M. R. Jovanovi\'c},
   BOOKTITLE    = {Proceedings of the 50th Annual Allerton Conference on Communication, Control, and Computing},
   TITLE        = {Identification of sparse communication graphs in consensus networks},
   YEAR         = {2012},
   ADDRESS      = {Monticello, IL},
   NOTE         = {(Invited paper)},
   PAGES        = {85-89},
   KEYWORDS     = {Architectural constraints, Interconnected systems,
      Optimal decentralized control, Structured feedback gains}
}

@INPROCEEDINGS{dhilinfarjovIFAC12,
   AUTHOR       = {N. K. Dhingra and F. Lin and M. Fardad and M. R. Jovanovi\'c},
   BOOKTITLE    = {Preprints of the 3rd IFAC Workshop on Distributed Estimation and Control in
   Networked Systems},
   TITLE        = {On identifying sparse representations of consensus networks},
   YEAR         = {2012},
   ADDRESS      = {Santa Barbara, CA},
   PAGES        = {305-310},
   KEYWORDS     = {},
   PDF          = {https://viterbi-web.usc.edu/~mihailo/papers/conference/2012/DhingraLinFardadJovanovicIFAC2012.pdf}
}

@INPROCEEDINGS{zarliejovCDC12,
   AUTHOR       = {A. Zare and B. K. Lieu and M. R. Jovanovi\'c},
   BOOKTITLE    = {Proceedings of the 51th IEEE Conference on Decision and Control},
   TITLE        = {Turbulent drag reduction by streamwise traveling waves},
   YEAR         = {2012},
   ADDRESS      = {Maui, HI},
   PAGES        = {3122-3126},
   KEYWORDS     = {}
}

@INPROCEEDINGS{farzhalinjovCDC12,
   AUTHOR       = {M. Fardad and X. Zhang and F. Lin and M. R. Jovanovi\'c},
   BOOKTITLE    = {Proceedings of the 51th IEEE Conference on Decision and Control},
   TITLE        = {On the optimal dissemination of information in social networks},
   YEAR         = {2012},
   ADDRESS      = {Maui, HI},
   PAGES        = {2539-2544},
   KEYWORDS     = {},
   PDF          = {https://viterbi-web.usc.edu/~mihailo/papers/conference/2012/FardadZhangLinJovanovicCDC2012.pdf}
}

@INPROCEEDINGS{linfarjovCDC12,
   AUTHOR       = {F. Lin and M. Fardad and M. R. Jovanovi\'c},
   BOOKTITLE    = {Proceedings of the 51th IEEE Conference on Decision and Control},
   TITLE        = {Performance of leader-follower networks in directed trees and lattices},
   YEAR         = {2012},
   ADDRESS      = {Maui, HI},
   PAGES        = {734-739},
   KEYWORDS     = {},
   PDF          = {https://viterbi-web.usc.edu/~mihailo/papers/conference/2012/LinFardadJovanovicCDC2012.pdf}
}

@INPROCEEDINGS{moajovACC12,
   AUTHOR       = {R. Moarref and M. R. Jovanovi\'c},
   BOOKTITLE    = {Proceedings of the 2012 American Control Conference},
   TITLE        = {Turbulent drag reduction by transverse wall oscillations},
   YEAR         = {2012},
   ADDRESS      = {Montr\'eal, Canada},
   PAGES        = {3359-3364},
   KEYWORDS     = {Flow modeling and control, Navier-Stokes equations,
      Input-output analysis, Energy amplification, Drag reduction, Turbulence modeling}
}

@INPROCEEDINGS{liejovACC12,
   AUTHOR       = {B. K. Lieu and M. R. Jovanovi\'c},
   BOOKTITLE    = {Proceedings of the 2012 American Control Conference},
   TITLE        = {Slow-fast decomposition of an inertialess flow of viscoelastic fluids},
   YEAR         = {2012},
   ADDRESS      = {Montr\'eal, Canada},
   PAGES        = {4369-4374},
   KEYWORDS     = {Flow modeling and control, Viscoelastic fluids,
      Input-output analysis, Energy amplification, Elastic turbulence,
      Transition to turbulence, Singular perturbation methods}
}

@INPROCEEDINGS{linfarjovACC12,
   AUTHOR       = {F. Lin and M. Fardad and M. R. Jovanovi\'c},
   BOOKTITLE    = {Proceedings of the 2012 American Control Conference},
   TITLE        = {Sparse feedback synthesis via the alternating direction method of multipliers},
   YEAR         = {2012},
   ADDRESS      = {Montr\'eal, Canada},
   PAGES        = {4765-4770},
   KEYWORDS     = {Architectural issues in distributed control design, Distributed control,
   Optimal localized control, Sparsity-promoting optimal control}
}

@INPROCEEDINGS{farlinjovACC12,
   AUTHOR       = {M. Fardad and F. Lin and M. R. Jovanovi\'c},
   BOOKTITLE    = {Proceedings of the 2012 American Control Conference},
   TITLE        = {On the optimal synchronization of oscillator networks via sparse interconnection graphs},
   YEAR         = {2012},
   ADDRESS      = {Montr\'eal, Canada},
   PAGES        = {4777-4782},
   KEYWORDS     = {Distributed control, Oscillator networks, Sparse graphs, Synchronization}
}

@INPROCEEDINGS{liejovCDC11,
   AUTHOR       = {B. K. Lieu and M. R. Jovanovi\'c},
   BOOKTITLE    = {Proceedings of the 50th IEEE Conference on Decision and Control
   and European Control Conference},
   TITLE        = {Computation of the frequency responses for distributed systems with one spatial variable},
   YEAR         = {2011},
   ADDRESS      = {Orlando, FL},
   PAGES        = {6956-6961},
   KEYWORDS     = {}
}

@INPROCEEDINGS{farlinjovCDC11,
   AUTHOR       = {M. Fardad and F. Lin and M. R. Jovanovi\'c},
   BOOKTITLE    = {Proceedings of the 50th IEEE Conference on Decision and Control
   and European Control Conference},
   TITLE        = {Algorithms for leader selection in large dynamical networks: noise-free leaders},
   YEAR         = {2011},
   ADDRESS      = {Orlando, FL},
   PAGES        = {7188-7193},
   KEYWORDS     = {Consensus networks, Convex optimization, Leader selection, Performance bounds, Sparsity},
   PDF          = {https://viterbi-web.usc.edu/~mihailo/papers/farlinjovCDC11.pdf}  
}

@INPROCEEDINGS{linfarjovCDC11,
   AUTHOR       = {F. Lin and M. Fardad and M. R. Jovanovi\'c},
   BOOKTITLE    = {Proceedings of the 50th IEEE Conference on Decision and Control
   and European Control Conference},
   TITLE        = {Algorithms for leader selection in large dynamical networks: noise-corrupted leaders},
   YEAR         = {2011},
   ADDRESS      = {Orlando, FL},
   PAGES        = {2932-2937},
   KEYWORDS = {Alternating direction method of multipliers, Consensus networks, Convex optimization, Greedy algorithm, Leader selection, Performance bounds, Sparsity},
   PDF          = {https://viterbi-web.usc.edu/~mihailo/papers/linfarjovCDC11.pdf}    
}

@INPROCEEDINGS{liejovkumIFAC11,
   AUTHOR       = {B. K. Lieu and M. R. Jovanovic and S. Kumar},
   BOOKTITLE    = {Preprints of the 18th IFAC World Congress},
   TITLE        = {Worst-case amplification of disturbances in inertialess
      flows of viscoelastic fluids},
   YEAR         = {2011},
   ADDRESS      = {Milano, Italy},
   PAGES           = {14458-14463},
   KEYWORDS    = {}
}

@INPROCEEDINGS{moaliejovACC11,
   AUTHOR       = {R. Moarref and B. K. Lieu and M. R. Jovanovi\'c},
   BOOKTITLE    = {Proceedings of the 2011 American Control Conference},
   TITLE        = {Spatially-localized optimal control of transition to turbulence},
   YEAR         = {2011},
   ADDRESS      = {San Francisco, CA},
   PAGES        = {3577-3582},
   KEYWORDS     = {Flow modeling and control, Navier-Stokes equations,
      Input-output analysis, Energy amplification, Transition to turbulence}
}

@INPROCEEDINGS{farlinjovACC11,
   AUTHOR       = {M. Fardad and F. Lin and M. R. Jovanovi\'c},
   BOOKTITLE    = {Proceedings of the 2011 American Control Conference},
   TITLE        = {Sparsity-promoting optimal control for a class of distributed systems},
   YEAR         = {2011},
   ADDRESS      = {San Francisco, CA},
   PAGES        = {2050-2055},
   KEYWORDS     = {Architectural issues in distributed control design, Distributed control,
   Optimal localized control, Sparsity-promoting optimal control},
   PDF          = {https://viterbi-web.usc.edu/~mihailo/papers/farlinjovACC11.pdf}    
}

%======
% 2010 %
%======

@INPROCEEDINGS{farlinjovCDC10,
   AUTHOR       = {M. Fardad and F. Lin and M. R. Jovanovi\'c},
   BOOKTITLE    = {Proceedings of the 49th IEEE Conference on Decision and Control},
   TITLE        = {On the dual decomposition of linear quadratic optimal control
problems for vehicular formations},
   YEAR         = {2010},
   ADDRESS      = {Atlanta, GA},
   PAGES        = {6287-6292},
   KEYWORDS     = {}
}

@INPROCEEDINGS{linfarjovCDC10,
   AUTHOR       = {F. Lin and M. Fardad and M. R. Jovanovi\'c},
   BOOKTITLE    = {Proceedings of the 49th IEEE Conference on Decision and Control},
   TITLE        = {On the optimal localized feedback design for multi-vehicle systems},
   YEAR         = {2010},
   ADDRESS      = {Atlanta, GA},
   PAGES        = {5744-5749},
   KEYWORDS     = {}
}

@INPROCEEDINGS{moaliejovCTR10,
   AUTHOR       = {R. Moarref and B. K. Lieu and M. R. Jovanovi\'c},
   BOOKTITLE    = {Proceedings of the 2010 Summer Program},
   TITLE        = {Optimal localized control of transitional channel flow},
   YEAR         = {2010},
   ADDRESS      = {Center for Turbulence Research, Stanford University/NASA},
   PAGES        = {107-118},
   KEYWORDS     = {Flow modeling and control, Navier-Stokes equations,
      Input-output analysis, Energy amplification, Transition to turbulence}
}

@INPROCEEDINGS{jovkumACC10,
   AUTHOR       = {M. R. Jovanovi\'c and S. Kumar},
   BOOKTITLE    = {Proceedings of the 2010 American Control Conference},
   TITLE        = {Transient response of velocity fluctuations in inertialess channel flows of viscoelastic fluids},
   YEAR         = {2010},
   ADDRESS      = {Baltimore, MD},
   NOTE         = {(Invited paper)},
   PAGES        = {5682-5687},
   KEYWORDS    = {}
}

@INPROCEEDINGS{linfarjovACC10,
   AUTHOR       = {F. Lin and M. Fardad and M. R. Jovanovi\'c},
   BOOKTITLE    = {Proceedings of the 2010 American Control Conference},
   TITLE        = {On the optimal localized feedback design for vehicular platoons},
   YEAR         = {2010},
   ADDRESS      = {Baltimore, MD},
   PAGES        = {4622-4627},
   KEYWORDS    = {}
}

@INPROCEEDINGS{moajovACC10,
   AUTHOR       = {R. Moarref and M. R. Jovanovi\'c},
   BOOKTITLE    = {Proceedings of the 2010 American Control Conference},
   TITLE        = {Preventing transition to turbulence using streamwise traveling waves: theoretical analysis},
   YEAR         = {2010},
   ADDRESS      = {Baltimore, MD},
   PAGES        = {3329-3334},
   KEYWORDS    = {}
}

@INPROCEEDINGS{liemoajovACC10,
   AUTHOR       = {B. K. Lieu and R. Moarref and M. R. Jovanovi\'c},
   BOOKTITLE    = {Proceedings of the 2010 American Control Conference},
   TITLE        = {Preventing transition to turbulence using streamwise traveling waves: direct numerical simulations},
   YEAR         = {2010},
   ADDRESS      = {Baltimore, MD},
   PAGES        = {3335-3340},
   KEYWORDS    = {}
}

%======
% 2009 %
%======

@INPROCEEDINGS{farlinjovCDC09,
   AUTHOR       = {M. Fardad and F. Lin and M. R. Jovanovi\'c},
   BOOKTITLE    = {Proceedings of the 48th IEEE Conference on Decision and Control},
   TITLE        = {On the optimal design of structured feedback gains for
      interconnected systems},
   YEAR         = {2009},
   ADDRESS      = {Shanghai, China},
   PAGES        = {978-983},
   KEYWORDS     = {Architectural constraints, Interconnected systems,
      Optimal decentralized control, Structured feedback gains}
}

@INPROCEEDINGS{linfarjovALL09,
   AUTHOR       = {F. Lin and M. Fardad and M. R. Jovanovi\'c},
   BOOKTITLE    = {Proceedings of the 47th Annual Allerton Conference on Communication, Control, and Computing},
   TITLE        = {Synthesis of {$H_2$} optimal static structured controllers:
      primal and dual formulations},
   YEAR         = {2009},
   ADDRESS      = {Monticello, IL},
   NOTE         = {(Invited paper)},
   PAGES        = {340-346},
   KEYWORDS     = {Architectural constraints, Interconnected systems,
      Optimal decentralized control, Structured feedback gains}
}

@INPROCEEDINGS{jovkumACC09,
   AUTHOR       = {M. R. Jovanovi\'c and S. Kumar},
   BOOKTITLE    = {Proceedings of the 2009 American Control Conference},
   TITLE        = {Variance amplification in channel flows of strongly elastic polymer solutions},
   YEAR         = {2009},
   ADDRESS      = {Saint Louis, MO},
   NOTE         = {(Invited paper)},
   PAGES        = {842-847},
   KEYWORDS    = {}
}

@INPROCEEDINGS{farjovsalACC09,
   AUTHOR       = {M. Fardad and M. R. Jovanovi\'c and M. V. Salapaka},
   BOOKTITLE    = {Proceedings of the 2009 American Control Conference},
   TITLE        = {Damping mechanisms in dynamic mode atomic force
      microscopy applications},
   YEAR         = {2009},
   ADDRESS      = {Saint Louis, MO},
   PAGES        = {2272-2277},
   KEYWORDS    = {}
}

%======
% 2008 %
%======

@INPROCEEDINGS{patbamabbjov08,
   AUTHOR       = {S. Patterson and B. Bamieh and A. E. Abbadi and M. R. Jovanovi\'c},
   BOOKTITLE    = {First International Workshop on Computational Transportation Science},
   TITLE        = {On the feasibility of large-scale automated highways},
   YEAR         = {2008},
   ADDRESS      = {Dublin, Ireland},
   NOTE         = {(Invited paper)},
   KEYWORDS    = {}
}

@INPROCEEDINGS{bamjovmitCDC08,
   AUTHOR       = {B. Bamieh and M. R. Jovanovi\'c and P. Mitra and S. Patterson},
   BOOKTITLE    = {Proceedings of the 47th IEEE Conference on Decision and Control},
   TITLE        = {Effect of topological dimension on rigidity of vehicle
      formations: fundamental limitations of local feedback},
   YEAR         = {2008},
   ADDRESS      = {Cancun, Mexico},
   PAGES        = {369-374},
   KEYWORDS    = {}
}

@INPROCEEDINGS{farjovCDC08,
   AUTHOR       = {M. Fardad and M. R. Jovanovi\'c},
   BOOKTITLE    = {Proceedings of the 47th IEEE Conference on Decision and Control},
   TITLE        = {On the state-space design of optimal controllers for distributed systems with finite communication speed},
   YEAR         = {2008},
   ADDRESS      = {Cancun, Mexico},
   OPTCROSSREF  = {},
   OPTEDITOR    = {},
   OPTMONTH     = {},
   OPTNOTE      = {},
   OPTNUMBER    = {},
   OPTORGANIZATION = {},
   PAGES        = {5488-5493},
   OPTPUBLISHER = {},
   OPTSERIES    = {},
   OPTVOLUME    = {},
   KEYWORDS     = {Architectural issues in distributed control design,
      Distributed control, Localized control},
   PDF          = {https://viterbi-web.usc.edu/~mihailo/papers/farjovCDC08.pdf}
   }

@INPROCEEDINGS{hodjovkumCDC08,
   AUTHOR       = {N. Hoda and M. R. Jovanovi\'c and S. Kumar},
   BOOKTITLE    = {Proceedings of the 47th IEEE Conference on Decision and Control},
   TITLE        = {Input-output analysis of the {2D/3C} model in channel
      flows of viscoelastic fluids},
   YEAR         = {2008},
   ADDRESS      = {Cancun, Mexico},
   OPTCROSSREF  = {},
   OPTEDITOR    = {},
   OPTMONTH     = {},
   NOTE         = {(Invited paper)},
   OPTNUMBER    = {},
   OPTORGANIZATION = {},
   PAGES        = {841-846},
   OPTPUBLISHER = {},
   OPTSERIES    = {},
   OPTVOLUME    = {},
   KEYWORDS     = {Flow modeling and control, Viscoelastic fluids,
      Input-output analysis, Energy amplification,
      Transition to turbulence}
      }

@INPROCEEDINGS{linjovACC08,
   AUTHOR       = {F. Lin and M. R. Jovanovi\'c},
   BOOKTITLE    = {Proceedings of the 2008 American Control Conference},
   TITLE        = {Energy amplification in a parallel {B}lasius boundary
      layer flow subject to free-stream turbulence},
   YEAR         = {2008},
   ADDRESS      = {Seattle, WA},
   OPTCROSSREF  = {},
   OPTEDITOR    = {},
   OPTMONTH     = {},
   OPTNOTE      = {},
   OPTNUMBER    = {},
   OPTORGANIZATION = {},
   PAGES        = {3070-3075},
   OPTPUBLISHER = {},
   OPTSERIES    = {},
   OPTVOLUME    = {},
   KEYWORDS     = {Boundary layers, Flow modeling and control, Navier-Stokes equations,
      Input-output analysis, Free-stream turbulence, Energy amplification, Transition to turbulence}
      }

@INPROCEEDINGS{moafarjovACC08,
   AUTHOR       = {R. Moarref and M. Fardad and M. R. Jovanovi\'c},
   BOOKTITLE    = {Proceedings of the 2008 American Control Conference},
   TITLE        = {Perturbation analysis of eigenvalues of a class of
      self-adjoint operators},
   YEAR         = {2008},
   ADDRESS      = {Seattle, WA},
   OPTCROSSREF  = {},
   OPTEDITOR    = {},
   OPTMONTH     = {},
   NOTE         = {(Invited paper)},
   OPTNUMBER    = {},
   OPTORGANIZATION = {},
   PAGES        = {955-960},
   OPTPUBLISHER = {},
   OPTSERIES    = {},
   OPTVOLUME    = {},
   KEYWORDS     = {Perturbation analysis, Spatially-periodic systems,
      Transient response, Distributed systems theory}
      }

@INPROCEEDINGS{moajovACC08,
   AUTHOR       = {R. Moarref and M. R. Jovanovi\'c},
   BOOKTITLE    = {Proceedings of the 2008 American Control Conference},
   TITLE        = {Remarks on computing the {$H_2$} norm of incompressible
      fluids using descriptor state-space formulation},
   YEAR         = {2008},
   ADDRESS      = {Seattle, WA},
   OPTCROSSREF  = {},
   OPTEDITOR    = {},
   OPTMONTH     = {},
   OPTNOTE      = {},
   OPTNUMBER    = {},
   OPTORGANIZATION = {},
   PAGES        = {3064-3069},
   OPTPUBLISHER = {},
   OPTSERIES    = {},
   OPTVOLUME    = {},
   KEYWORDS     = {Navier-Stokes equations, Incompressible fluids,
      Input-output analysis, Descriptor systems,
      Distributed systems theory}
      }

%======
% 2007 %
%======

@INPROCEEDINGS{jovarcsonACC07,
   AUTHOR       = {M. R. Jovanovi\'c and M. Arcak and E. D. Sontag},
   BOOKTITLE    = {Proceedings of the 2007 American Control Conference},
   TITLE        = {Remarks on the stability of spatially distributed
      systems with a cyclic interconnection structure},
   YEAR         = {2007},
   ADDRESS      = {New York City, NY},
   OPTCROSSREF  = {},
   OPTEDITOR    = {},
   OPTMONTH     = {},
   OPTNOTE      = {},
   OPTNUMBER    = {},
   OPTORGANIZATION = {},
   PAGES        = {2696-2701},
   OPTPUBLISHER = {},
   OPTSERIES    = {},
   OPTVOLUME    = {},
   KEYWORDS     = {Biochemical networks, Cyclic feedback systems,
      Distributed systems theory, Reaction-diffusion equations}
}

@INPROCEEDINGS{linjovACC07,
   AUTHOR       = {F. Lin and M. R. Jovanovi\'c},
   BOOKTITLE    = {Proceedings of the 2007 American Control Conference},
   TITLE        = {On the least-squares approximation of structured
      covariances},
   YEAR         = {2007},
   ADDRESS      = {New York City, NY},
   OPTCROSSREF  = {},
   OPTEDITOR    = {},
   OPTMONTH     = {},
   OPTNOTE      = {},
   OPTNUMBER    = {},
   OPTORGANIZATION = {},
   PAGES        = {2648-2653},
   OPTPUBLISHER = {},
   OPTSERIES    = {},
   OPTVOLUME    = {},
   KEYWORDS     = {Optimization}
}

@INPROCEEDINGS{moajovACC07,
   AUTHOR       = {R. Moarref and M. R. Jovanovi\'c},
   BOOKTITLE    = {Proceedings of the 2007 American Control Conference},
   TITLE        = {On using the streamwise traveling waves for variance
      suppression in channel flows},
   YEAR         = {2007},
   ADDRESS      = {New York City, NY},
   OPTCROSSREF  = {},
   OPTEDITOR    = {},
   OPTMONTH     = {},
   NOTE         = {{\bf (Invited paper; Finalist, Best Student Paper Award)}},
   OPTNUMBER    = {},
   OPTORGANIZATION = {},
   PAGES        = {2060-2065},
   OPTPUBLISHER = {},
   OPTSERIES    = {},
   OPTVOLUME    = {},
   KEYWORDS     = {Flow modeling and control, Navier-Stokes equations,
      Input-output analysis, Parametric resonance,
      Spatially-periodic systems, Vibrational control,
      Energy amplification, Transition to turbulence}
}

%======
% 2006 %
%======

@INPROCEEDINGS{jovACC06h2pert,
   AUTHOR       = {M. R. Jovanovi\'c},
   BOOKTITLE    = {Proceedings of the 2006 American Control Conference},
   TITLE        = {{$H_2$} norm of linear time-periodic systems: a
      perturbation analysis},
   YEAR         = {2006},
   ADDRESS      = {Minneapolis, MN},
   OPTCROSSREF  = {},
   OPTEDITOR    = {},
   OPTMONTH     = {},
   OPTNOTE      = {},
   OPTNUMBER    = {},
   OPTORGANIZATION = {},
   PAGES        = {1452-1457},
   OPTPUBLISHER = {},
   OPTSERIES    = {},
   OPTVOLUME    = {},
   KEYWORDS     = {Distributed systems theory, Input-output analysis,
      Time-periodic systems, Perturbation analysis}
      }

@INPROCEEDINGS{jovACC06two,
   AUTHOR       = {M. R. Jovanovi\'c},
   BOOKTITLE    = {Proceedings of the 2006 American Control Conference},
   TITLE        = {Turbulence suppression in channel flows by small
      amplitude transverse wall oscillations},
   YEAR         = {2006},
   ADDRESS      = {Minneapolis, MN},
   OPTCROSSREF  = {},
   OPTEDITOR    = {},
   OPTMONTH     = {},
   NOTE         = {(Invited paper)},
   OPTNUMBER    = {},
   OPTORGANIZATION = {},
   PAGES        = {1161-1166},
   OPTPUBLISHER = {},
   OPTSERIES    = {},
   OPTVOLUME    = {},
   KEYWORDS     = {Flow modeling and control, Navier-Stokes equations,
      Input-output analysis, Parametric resonance, Time-periodic systems,
      Vibrational control, Energy amplification, Transition to turbulence}
      }

@INPROCEEDINGS{jovmoayouCTR06,
   AUTHOR       = {M. R. Jovanovi\'c and R. Moarref and D. You},
   BOOKTITLE    = {Proceedings of the 2006 Summer Program},
   TITLE        = {Turbulence suppression in channel flows by means of a
      streamwise traveling wave},
   YEAR         = {2006},
   ADDRESS      = {Center for Turbulence Research, Stanford University/NASA},
   OPTCROSSREF  = {},
   OPTEDITOR    = {},
   OPTMONTH     = {},
   OPTNOTE      = {},
   OPTNUMBER    = {},
   OPTORGANIZATION = {},
   PAGES        = {481-494},
   OPTPUBLISHER = {},
   OPTSERIES    = {},
   OPTVOLUME    = {},
   KEYWORDS     = {Flow modeling and control, Navier-Stokes equations,
      Input-output analysis, Parametric resonance,
      Spatially-periodic systems, Vibrational control,
      Energy amplification, Transition to turbulence}
}

@INPROCEEDINGS{moajovCDC06,
   AUTHOR       = {R. Moarref and M. R. Jovanovi\'c},
   BOOKTITLE    = {Proceedings of the 45th IEEE Conference on Decision and Control},
   TITLE        = {Transition control using an array of streamwise vortices},
   YEAR         = {2006},
   ADDRESS      = {San Diego, CA},
   OPTCROSSREF  = {},
   OPTEDITOR    = {},
   OPTMONTH     = {},
   NOTE         = {(Invited paper)},
   OPTNUMBER    = {},
   OPTORGANIZATION = {},
   PAGES        = {107-112},
   OPTPUBLISHER = {},
   OPTSERIES    = {},
   OPTVOLUME    = {},
   KEYWORDS     = {Flow modeling and control, Navier-Stokes equations,
      Input-output analysis, Parametric resonance, Time-periodic systems,
      Vibrational control, Energy amplification, Transition to turbulence}
      }

%======
% 2005 %
%======

@INPROCEEDINGS{jovACC05,
   AUTHOR       = {M. R. Jovanovi\'c},
   BOOKTITLE    = {Proceedings of the 2005 American Control Conference},
   TITLE        = {On the optimality of localized distributed controllers},
   YEAR         = {2005},
   ADDRESS      = {Portland, OR},
   NOTE         = {(Invited paper)},
   PAGES        = {4583-4588},
   KEYWORDS     = {Architectural issues in distributed control design,
      Distributed control, Localized control},
   PDF          = {https://viterbi-web.usc.edu/~mihailo/papers/acc05io.pdf}
   }

%======
% 2004 %
%======

@INPROCEEDINGS{jovbamCDC04arc,
   AUTHOR       = {M. R. Jovanovi\'c and B. Bamieh},
   BOOKTITLE    = {Proceedings of the 43rd IEEE Conference on Decision and Control},
   TITLE        = {Architecture induced by distributed backstepping design},
   YEAR         = {2004},
   ADDRESS      = {Paradise Island, Bahamas},
   PAGES    = {3774-3779},
   KEYWORDS     = {Architectural issues in distributed control design,
      Distributed control, Localized control},
   PDF          = {https://viterbi-web.usc.edu/~mihailo/papers/cdc04arc.pdf}
   }

@INPROCEEDINGS{jovbamCDC04platoons,
   AUTHOR       = {M. R. Jovanovi\'c and B. Bamieh},
   BOOKTITLE    = {Proceedings of the 43rd IEEE Conference on Decision and Control},
   TITLE        = {On the ill-posedness of certain vehicular platoon
      control problems},
   YEAR         = {2004},
   ADDRESS      = {Paradise Island, Bahamas},
   PAGES = {3780-3785},
   KEYWORDS     = {Control of vehicular formations},
   PDF          = {https://viterbi-web.usc.edu/~mihailo/papers/cdc04platoons.pdf}
}

@INPROCEEDINGS{jovbamACC04,
   AUTHOR       = {M. R. Jovanovi\'c and B. Bamieh},
   BOOKTITLE    = {Proceedings of the 2004 American Control Conference},
   TITLE        = {Unstable modes versus non-normal modes in supercritical
      channel flows},
   YEAR         = {2004},
   ADDRESS      = {Boston, MA},
   OPTCROSSREF  = {},
   OPTEDITOR    = {},
   OPTMONTH     = {},
   OPTNOTE      = {},
   OPTNUMBER    = {},
   OPTORGANIZATION = {},
   PAGES        = {2245-2250},
   OPTPUBLISHER = {},
   OPTSERIES    = {},
   OPTVOLUME    = {},
   KEYWORDS     = {Flow modeling and control, Input-output analysis,
      Navier-Stokes equations, Energy amplification,
      Transition to turbulence},
   PDF          = {https://viterbi-web.usc.edu/~mihailo/papers/acc04fh.pdf}
   }

@INPROCEEDINGS{jovfowbamdanACC04,
   AUTHOR       = {M. R. Jovanovi\'c and J. M. Fowler and B. Bamieh and
      R. D'Andrea},
   BOOKTITLE    = {Proceedings of the 2004 American Control Conference},
   TITLE        = {On avoiding saturation in the control of vehicular
      platoons},
   YEAR         = {2004},
   ADDRESS      = {Boston, MA},
   OPTCROSSREF  = {},
   OPTEDITOR    = {},
   OPTMONTH     = {},
   OPTNOTE      = {},
   OPTNUMBER    = {},
   OPTORGANIZATION = {},
   PAGES        = {2257-2262},
   OPTPUBLISHER = {},
   OPTSERIES    = {},
   OPTVOLUME    = {},
   KEYWORDS     = {Control of vehicular formations},
   PDF          = {https://viterbi-web.usc.edu/~mihailo/papers/acc04peaking.pdf}
   }

%======
% 2003 %
%======

@INPROCEEDINGS{jovbamCDC03fr-exact,
   AUTHOR       = {M. R. Jovanovi\'c and B. Bamieh},
   BOOKTITLE    = {Proceedings of the 42nd IEEE Conference on Decision and Control},
   TITLE        = {Exact computation of frequency responses for a class of
      infinite dimensional systems},
   YEAR         = {2003},
   ADDRESS      = {Maui, HI},
   OPTCROSSREF  = {},
   OPTEDITOR    = {},
   OPTMONTH     = {},
   OPTNOTE      = {},
   OPTNUMBER    = {},
   OPTORGANIZATION = {},
   PAGES        = {1339-1344},
   OPTPUBLISHER = {},
   OPTSERIES    = {},
   OPTVOLUME    = {},
   KEYWORDS     = {Distributed systems theory,
      Computational tools for spatially distributed systems},
   PDF          = {https://viterbi-web.usc.edu/~mihailo/papers/cdc03fr-exact.pdf}
   }

@INPROCEEDINGS{jovbamACC03fr-lnse,
   AUTHOR       = {M. R. Jovanovi\'c and B. Bamieh},
   BOOKTITLE    = {Proceedings of the 2003 American Control Conference},
   TITLE        = {Frequency domain analysis of the linearized
      {N}avier-{S}tokes equations},
   YEAR         = {2003},
   ADDRESS      = {Denver, CO},
   OPTCROSSREF  = {},
   OPTEDITOR    = {},
   OPTMONTH     = {},
   OPTNOTE      = {},
   OPTNUMBER    = {},
   OPTORGANIZATION = {},
   PAGES        = {3190-3195},
   OPTPUBLISHER = {},
   OPTSERIES    = {},
   OPTVOLUME    = {},
   KEYWORDS     = {Flow modeling and control, Input-output analysis,
      Navier-Stokes equations, Energy amplification,
      Transition to turbulence},
   PDF          = {https://viterbi-web.usc.edu/~mihailo/papers/acc03fr-lnse.pdf}
   }

@INPROCEEDINGS{jovbamCDC03lattice,
   AUTHOR       = {M. R. Jovanovi\'c and B. Bamieh},
   BOOKTITLE    = {Proceedings of the 42nd IEEE Conference on Decision and Control},
   TITLE        = {Lyapunov-based output-feedback distributed control of
      systems on lattices},
   YEAR         = {2003},
   ADDRESS      = {Maui, HI},
   OPTCROSSREF  = {},
   OPTEDITOR    = {},
   OPTMONTH     = {},
   OPTNOTE      = {},
   OPTNUMBER    = {},
   OPTORGANIZATION = {},
   PAGES        = {1333-1338},
   OPTPUBLISHER = {},
   OPTSERIES    = {},
   OPTVOLUME    = {},
   KEYWORDS     = {Architectural issues in distributed control design,
      Distributed control, Localized control},
   PDF          = {https://viterbi-web.usc.edu/~mihailo/papers/cdc03lattice-out.pdf}
   }

@INPROCEEDINGS{jovbamACC03lattice,
   AUTHOR       = {M. R. Jovanovi\'c and B. Bamieh},
   BOOKTITLE    = {Proceedings of the 2003 American Control Conference},
   TITLE        = {Lyapunov-based state-feedback distributed control of
      systems on lattices},
   YEAR         = {2003},
   ADDRESS      = {Denver, CO},
   OPTCROSSREF  = {},
   OPTEDITOR    = {},
   OPTMONTH     = {},
   OPTNOTE      = {},
   OPTNUMBER    = {},
   OPTORGANIZATION = {},
   PAGES        = {101-106},
   OPTPUBLISHER = {},
   OPTSERIES    = {},
   OPTVOLUME    = {},
   KEYWORDS     = {Architectural issues in distributed control design,
      Distributed control, Localized control},
   PDF          = {https://viterbi-web.usc.edu/~mihailo/papers/acc03lattice-state.pdf}
   }

@INPROCEEDINGS{jovbamgreACC03,
   AUTHOR       = {M. R. Jovanovi\'c and B. Bamieh and M. Grebeck},
   BOOKTITLE    = {Proceedings of the 2003 American Control Conference},
   TITLE        = {Parametric resonance in spatially distributed systems},
   YEAR         = {2003},
   ADDRESS      = {Denver, CO},
   OPTCROSSREF  = {},
   OPTEDITOR    = {},
   OPTMONTH     = {},
   OPTNOTE      = {},
   OPTNUMBER    = {},
   OPTORGANIZATION = {},
   PAGES        = {119-124},
   OPTPUBLISHER = {},
   OPTSERIES    = {},
   OPTVOLUME    = {},
   KEYWORDS     = {Distributed systems theory, Spatially-periodic systems},
   PDF          = {https://viterbi-web.usc.edu/~mihailo/papers/acc03periodic.pdf}
   }

%======
% 2002 %
%======

@INPROCEEDINGS{jovACC02,
   AUTHOR       = {M. R. Jovanovi\'c},
   BOOKTITLE    = {Proceedings of the 2002 American Control Conference},
   TITLE        = {Nonlinear control of an electrohydraulic velocity
      servosystem},
   YEAR         = {2002},
   ADDRESS      = {Anchorage, AL},
   OPTCROSSREF  = {},
   OPTEDITOR    = {},
   OPTMONTH     = {},
   OPTNOTE      = {},
   OPTNUMBER    = {},
   OPTORGANIZATION = {},
   PAGES        = {588-593},
   OPTPUBLISHER = {},
   OPTSERIES    = {},
   OPTVOLUME    = {},
   KEYWORDS     = {Control of electrohydraulic servosystems},
   PDF          = {https://viterbi-web.usc.edu/~mihailo/papers/acc02.pdf}
   }

%======
% 2001 %
%======

@INPROCEEDINGS{jovbamCDC01,
   AUTHOR       = {M. R. Jovanovi\'c and B. Bamieh},
   BOOKTITLE    = {Proceedings of the 40th IEEE Conference on Decision and Control},
   TITLE        = {Modelling flow statistics using the linearized
      {N}avier-{S}tokes equations},
   YEAR         = {2001},
   ADDRESS      = {Orlando, FL},
   OPTCROSSREF  = {},
   OPTEDITOR    = {},
   OPTMONTH     = {},
   OPTNOTE      = {},
   OPTNUMBER    = {},
   OPTORGANIZATION = {},
   PAGES        = {4944-4949},
   OPTPUBLISHER = {},
   OPTSERIES    = {},
   OPTVOLUME    = {},
   KEYWORDS     = {Flow modeling and control, Navier-Stokes equations},
   PDF          = {https://viterbi-web.usc.edu/~mihailo/papers/cdc01.pdf}
   }

@INPROCEEDINGS{jovbamACC01,
   AUTHOR       = {M. R. Jovanovi\'c and B. Bamieh},
   BOOKTITLE    = {Proceedings of the 2001 American Control Conference},
   TITLE        = {The spatio-temporal impulse response of the linearized
      {N}avier-{S}tokes equations},
   YEAR         = {2001},
   ADDRESS      = {Arlington, VA},
   OPTCROSSREF  = {},
   OPTEDITOR    = {},
   OPTMONTH     = {},
   OPTNOTE      = {},
   OPTNUMBER    = {},
   OPTORGANIZATION = {},
   PAGES        = {1948-1953},
   OPTPUBLISHER = {},
   OPTSERIES    = {},
   OPTVOLUME    = {},
   KEYWORDS     = {Flow modeling and control, Input-output analysis,
      Navier-Stokes equations, Transition to turbulence},
   PDF          = {https://viterbi-web.usc.edu/~mihailo/papers/acc01.pdf}
   }

%======
% 1998 %
%======

@INPROCEEDINGS{jov98,
   AUTHOR       = {M. R. Jovanovi\'c},
   BOOKTITLE    = {Proceedings of the 6th International Conference on Systems, Automatic Control and Measurements},
   TITLE        = {The $j$th order practical tracking},
   YEAR         = {1998},
   OPTADDRESS   = {},
   OPTCROSSREF  = {},
   OPTEDITOR    = {},
   OPTMONTH     = {},
   OPTNOTE      = {},
   OPTNUMBER    = {},
   ORGANIZATION = {Nis, Yugoslavia},
   OPTPAGES     = {},
   OPTPUBLISHER = {},
   OPTSERIES    = {},
   OPTVOLUME    = {}
}

@INPROCEEDINGS{lazjovris98,
   AUTHOR       = {D. V. Lazi\'c and M. R. Jovanovi\'c and M. R. Ristanovi\'c},
   BOOKTITLE    = {Proceedings of Bath Workshop on Power Transmission and Motion Control},
   TITLE        = {Practical tracking of a hydraulic cylinder and an axial
      piston hydraulic motor},
   YEAR         = {1998},
   OPTADDRESS   = {},
   OPTCROSSREF  = {},
   OPTEDITOR    = {},
   OPTMONTH     = {},
   OPTNOTE      = {},
   OPTNUMBER    = {},
   ORGANIZATION = {Bath, England},
   PAGES        = {331-346},
   OPTPUBLISHER = {},
   OPTSERIES    = {},
   OPTVOLUME    = {},
   KEYWORDS     = {Control of electrohydraulic servosystems}
}

%======
% 1997 %
%======

@INPROCEEDINGS{cebjov97,
   AUTHOR       = {N. A. Cebasek and M. R. Jovanovi\'c},
   BOOKTITLE    = {Proceedings of the 5th Triennial International Symposium on Fluid Control, Measurement and Visualization},
   TITLE        = {{PWM} control of hydraulic cylinder and axial piston
      hydraulic motor},
   YEAR         = {1997},
   OPTADDRESS   = {},
   OPTCROSSREF  = {},
   OPTEDITOR    = {},
   MONTH        = {September},
   OPTNOTE      = {},
   OPTNUMBER    = {},
   ORGANIZATION = {Hayama, Japan},
   PAGES        = {361-366},
   OPTPUBLISHER = {},
   OPTSERIES    = {},
   VOLUME       = {1},
   KEYWORDS     = {Control of electrohydraulic servosystems}
}

@INPROCEEDINGS{ribjovjov97,
   AUTHOR       = {Z. B. Ribar and M. R. Jovanovi\'c and R. Z. Jovanovi\'c},
   BOOKTITLE    = {Proceedings of the 41th ETRAN Conference},
   TITLE        = {Application of practical straight-line tracking in the
      process industry},
   YEAR         = {1997},
   OPTADDRESS   = {},
   OPTCROSSREF  = {},
   OPTEDITOR    = {},
   MONTH        = {June},
   OPTNOTE      = {},
   OPTNUMBER    = {},
   ORGANIZATION = {Zlatibor, Yugoslavia},
   PAGES        = {444-447},
   OPTPUBLISHER = {},
   OPTSERIES    = {},
   VOLUME       = {1}
}

%======
% 1996 %
%======

@INPROCEEDINGS{debjov96,
   AUTHOR       = {D. Debeljkovi\'c and M. R. Jovanovi\'c},
   BOOKTITLE    = {Proceedings of the 40th ETRAN Conference},
   TITLE        = {Time continuous control design for linear singular
      systems on finite time interval},
   YEAR         = {1996},
   OPTADDRESS   = {},
   OPTCROSSREF  = {},
   OPTEDITOR    = {},
   MONTH        = {June},
   OPTNOTE      = {},
   OPTNUMBER    = {},
   ORGANIZATION = {Budva, Yugoslavia},
   PAGES        = {454-457},
   OPTPUBLISHER = {},
   OPTSERIES    = {},
   VOLUME       = {1}
}

@INPROCEEDINGS{jovdeb96,
   AUTHOR       = {M. R. Jovanovi\'c and D. Debeljkovi\'c},
   BOOKTITLE    = {Proceedings of the 40th ETRAN Conference},
   TITLE        = {Stability of linear singular systems on finite time
      interval under perturbing forces},
   YEAR         = {1996},
   OPTADDRESS   = {},
   OPTCROSSREF  = {},
   OPTEDITOR    = {},
   MONTH        = {June},
   OPTNOTE      = {},
   OPTNUMBER    = {},
   ORGANIZATION = {Budva, Yugoslavia},
   PAGES        = {451-453},
   OPTPUBLISHER = {},
   OPTSERIES    = {},
   VOLUME       = {1}
}

@INPROCEEDINGS{riblazjov96,
   AUTHOR       = {Z. B. Ribar and D. V. Lazi\'c and M. R. Jovanovi\'c},
   BOOKTITLE    = {Proceedings of the 14th International Conference on Material Handling and Warehousing},
   TITLE        = {Application of practical exponential tracking in fluid
      transportation industry},
   YEAR         = {1996},
   OPTADDRESS   = {},
   OPTCROSSREF  = {},
   OPTEDITOR    = {},
   MONTH        = {December},
   OPTNOTE      = {},
   OPTNUMBER    = {},
   ORGANIZATION = {Belgrade, Yugoslavia},
   PAGES        = {5.65-5.70},
   OPTPUBLISHER = {},
   OPTSERIES    = {},
   OPTVOLUME    = {}
}